Year,popSizeP1,PiP1,FitnessP1,meanHetP1,BP1,FROHP1,avgvStrDelP1,avgStrDelP1,avgModDelP1,avgWkDelP1,avgNeutP1,popSizeP2,PiP2,FitnessP2,meanHetP2,BP2,FROHP2,avgvStrDelP2,avgStrDelP2,avgModDelP2,avgWkDelP2,avgNeutP2,popSizeP3,PiP3,FitnessP3,meanHetP3,BP3,FROHP3,avgvStrDelP3,avgStrDelP3,avgModDelP3,avgWkDelP3,avgNeutP3, KCrater,Seed
55604,1979,2.44774e-05,0.991301,2.86286e-05,0.177258,0.223781,0.4,4.7,9.2,67.7,222.7,50,2.13158e-05,0.987637,2.26743e-05,0.0924541,0.405286,0.0,2.1,12.4,68.2,231.2,22,1.25505e-05,1.2413,1.60914e-05,0.0704417,0.61077,0.0,3.1,3.6,80.5,208.2,100,1217471577
55606,1968,2.55077e-05,0.991232,2.74171e-05,0.122997,0.275811,0.1,4.9,8.7,64.5,222.0,48,2.20194e-05,0.988205,2.50286e-05,0.0961156,0.361038,0.0,2.4,12.5,71.3,221.5,31,9.74072e-06,0.900722,1.16114e-05,0.0490406,0.71249,0.0,3.1,3.5,80.3,209.5,100,1217471577
55608,1979,2.46922e-05,0.991144,2.73029e-05,0.250151,0.276584,0.3,4.7,11.1,65.1,218.5,48,1.9767e-05,0.986061,2.32114e-05,0.0993747,0.397232,0.0,2.8,13.8,67.7,230.6,32,1.04238e-05,0.956832,1.16457e-05,0.0340512,0.744759,0.0,2.0,3.9,83.7,209.5,100,1217471577
55610,1936,2.5807e-05,0.991225,2.77829e-05,0.188798,0.243327,0.3,5.1,10.3,68.0,228.0,50,1.98515e-05,0.984959,2.26971e-05,0.0696531,0.404639,0.0,1.7,13.6,68.1,224.7,35,9.43918e-06,0.905042,1.09143e-05,0.0383647,0.751506,0.0,1.5,4.9,82.6,214.1,100,1217471577
55612,2002,2.44546e-05,0.991111,2.82057e-05,0.121107,0.271278,0.1,3.7,9.7,67.0,222.7,53,2.098e-05,0.98446,2.47771e-05,0.100613,0.343803,0.0,2.5,13.3,66.9,225.6,31,8.22387e-06,0.910403,9.48571e-06,0.0249488,0.796702,0.0,1.9,4.7,80.3,216.5,100,1217471577
55614,1962,2.47607e-05,0.991294,2.81143e-05,0.194584,0.236299,0.2,4.9,9.9,66.1,223.9,47,2.20971e-05,0.983689,2.48457e-05,0.0863683,0.340255,0.0,2.7,13.7,69.5,229.7,30,8.98915e-06,1.15709,9.90857e-06,0.031421,0.790689,0.0,1.8,3.9,78.2,215.0,100,1217471577
55616,1962,2.46488e-05,0.991233,2.75771e-05,0.376066,0.26467,0.4,5.2,10.3,66.1,219.8,52,2.19646e-05,0.985467,2.416e-05,0.0820858,0.357475,0.0,2.3,14.2,70.0,225.8,25,7.14563e-06,0.892168,1.13029e-05,0.0246566,0.756221,0.0,1.8,3.6,75.7,208.3,100,1217471577
55618,1965,2.53752e-05,0.991401,2.74629e-05,0.279911,0.287535,0.4,5.5,10.4,64.6,222.1,47,2.09526e-05,0.984973,2.384e-05,0.0839353,0.391134,0.0,2.4,13.9,72.8,226.3,29,7.37636e-06,0.868185,9.41714e-06,0.0152244,0.792537,0.0,1.5,3.2,75.1,208.3,100,1217471577
55620,2014,2.49206e-05,0.991275,2.83429e-05,0.176567,0.244133,0.2,4.7,9.2,66.7,219.7,47,2.11696e-05,0.984516,2.38171e-05,0.100802,0.38088,0.0,2.5,13.7,67.8,231.8,30,7.47002e-06,0.85511,7.85143e-06,0.0173779,0.820158,0.0,2.3,3.9,75.7,208.0,100,1217471577
55622,1961,2.48133e-05,0.991185,2.73143e-05,0.155891,0.246374,0.1,4.4,8.2,64.0,221.7,50,2.1181e-05,0.986909,2.28343e-05,0.099854,0.411931,0.0,2.5,14.2,70.8,227.6,31,6.18618e-06,0.932231,7.66857e-06,0.00979525,0.847128,0.0,1.7,3.9,76.7,212.1,100,1217471577
55624,1980,2.53021e-05,0.991221,2.84229e-05,0.178996,0.254892,0.0,5.1,9.3,68.2,229.5,52,2.00251e-05,0.98422,2.32229e-05,0.100579,0.404383,0.0,2.8,13.3,69.4,229.7,26,6.53798e-06,1.15825,7.32571e-06,0.0121762,0.853847,0.0,1.7,4.4,75.0,212.4,100,1217471577
55626,1979,2.57841e-05,0.991248,2.83771e-05,0.116906,0.239873,0.0,4.3,9.0,66.3,223.1,54,2.00822e-05,0.985024,2.33943e-05,0.0831171,0.39023,0.0,2.4,13.0,70.1,231.7,31,5.47344e-06,0.937792,6.4e-06,0.0131948,0.88461,0.0,1.5,4.7,75.3,211.6,100,1217471577
55628,2005,2.56425e-05,0.991273,2.79771e-05,0.173556,0.272173,0.2,5.4,9.5,65.1,226.2,54,2.13638e-05,0.987494,2.344e-05,0.0831664,0.375031,0.0,2.2,12.9,72.0,230.8,25,5.67219e-06,1.16539,5.85143e-06,0.00816049,0.892266,0.0,1.7,3.8,73.9,213.4,100,1217471577
55630,1968,2.49869e-05,0.991066,2.73714e-05,0.120733,0.25891,0.2,3.8,7.9,65.4,221.3,47,2.1213e-05,0.987037,2.33371e-05,0.0748396,0.38736,0.0,2.1,12.6,71.9,226.5,23,5.57853e-06,1.22131,6.46857e-06,0.0121964,0.882915,0.0,1.4,3.9,75.1,217.2,100,1217471577
55632,1993,2.43975e-05,0.991028,2.68457e-05,0.136293,0.290239,0.2,4.5,9.8,65.7,224.3,46,2.04546e-05,0.985506,2.33029e-05,0.0851612,0.40277,0.0,2.2,13.2,70.8,224.8,22,5.52599e-06,1.1146,6.44571e-06,0.0103057,0.881904,0.0,1.6,3.7,75.8,215.7,100,1217471577
55634,1995,2.5526e-05,0.991069,2.81486e-05,0.290003,0.241084,0.2,6.5,10.8,68.0,227.8,48,2.00183e-05,0.984704,2.30171e-05,0.0926702,0.410259,0.0,2.7,13.4,71.1,233.6,29,4.43175e-06,0.89641,5.02857e-06,0.0030526,0.921875,0.0,1.9,4.0,77.0,211.6,100,1217471577
55636,2008,2.59189e-05,0.99107,2.69257e-05,0.161949,0.255778,0.0,5.2,8.2,66.6,219.3,53,2.01371e-05,0.983541,2.43429e-05,0.0729768,0.361454,0.0,1.8,14.4,72.0,231.2,32,4.09366e-06,1.16718,4.96e-06,0.00110807,0.921128,0.0,2.0,3.6,74.0,214.1,100,1217471577
55638,2018,2.3799e-05,0.991096,2.85714e-05,0.16158,0.249436,0.3,4.3,9.2,68.8,232.8,50,1.98972e-05,0.98317,2.28343e-05,0.09437,0.421153,0.0,3.0,13.7,72.4,227.1,32,3.88806e-06,1.17237,4.24e-06,0.00110162,0.933094,0.0,2.0,3.8,73.9,215.7,100,1217471577
55640,1986,2.46099e-05,0.990942,2.768e-05,0.155038,0.244327,0.3,4.7,8.2,69.8,223.9,57,1.92621e-05,0.981995,2.21943e-05,0.126695,0.421719,0.0,3.4,13.7,73.1,224.3,28,3.96573e-06,1.12878,4.21714e-06,0.00108765,0.929723,0.0,2.0,3.6,73.8,217.6,100,1217471577
55642,1969,2.45049e-05,0.990996,2.75886e-05,0.139618,0.254486,0.1,4.7,9.6,63.1,228.8,54,2.04683e-05,0.983729,2.18629e-05,0.0840576,0.449874,0.0,2.4,14.2,71.8,227.0,24,4.33581e-06,1.18973,4.84571e-06,0.0019083,0.927888,0.0,2.0,3.7,74.0,217.7,100,1217471577
55644,1981,2.4964e-05,0.991086,2.74971e-05,0.148507,0.260753,0.2,4.8,9.6,62.5,215.7,52,1.94517e-05,0.984253,2.29029e-05,0.0886339,0.431554,0.0,2.0,13.6,71.8,226.0,27,3.48144e-06,0.939002,4.66286e-06,0.00150331,0.938836,0.0,2.0,4.3,73.4,216.7,100,1217471577
55646,2001,2.45391e-05,0.99121,2.76914e-05,0.212934,0.273154,0.3,5.9,9.0,65.4,226.6,49,1.90931e-05,0.984114,2.336e-05,0.117754,0.414959,0.0,3.0,14.7,71.1,231.2,31,3.20503e-06,0.892613,4.73143e-06,0.0130508,0.937535,0.1,2.1,4.8,73.5,218.8,100,1217471577
55648,1966,2.51262e-05,0.991217,2.77029e-05,0.100972,0.274995,0.1,3.0,10.5,66.4,220.0,49,1.91799e-05,0.985461,2.312e-05,0.0995271,0.441593,0.1,2.2,13.7,71.7,232.8,23,3.42433e-06,0.935381,3.86286e-06,0.00166305,0.948831,0.0,2.0,4.2,72.1,220.1,100,1217471577
55650,1982,2.42559e-05,0.991247,2.77143e-05,0.28153,0.270364,0.3,5.1,10.3,61.9,227.0,50,1.9566e-05,0.986304,2.18057e-05,0.0747677,0.450635,0.0,1.9,12.1,71.1,228.8,27,3.15477e-06,1.17654,3.17714e-06,0.00108496,0.959253,0.0,2.0,4.0,71.7,221.3,100,1217471577
55652,1995,2.49526e-05,0.991305,2.76571e-05,0.184139,0.258044,0.3,4.0,9.4,67.6,223.8,49,1.93558e-05,0.986176,2.12914e-05,0.107595,0.479154,0.0,2.3,13.4,72.7,230.8,20,3.19132e-06,1.16836,4.03429e-06,0.00133331,0.946011,0.0,2.0,4.2,71.3,219.7,100,1217471577
55654,1997,2.52267e-05,0.991327,2.63086e-05,0.160751,0.260473,0.2,4.3,8.4,66.6,215.9,46,1.90314e-05,0.986108,2.24e-05,0.115756,0.446804,0.0,2.6,14.0,69.7,230.4,32,3.23472e-06,0.929727,3.66857e-06,0.00128427,0.951406,0.0,2.0,3.9,71.4,222.9,100,1217471577
55656,1944,2.54346e-05,0.99106,2.70743e-05,0.157,0.269735,0.3,4.8,10.6,69.3,216.3,42,1.83986e-05,0.985034,2.192e-05,0.101362,0.484207,0.0,2.3,14.1,73.2,228.4,26,3.24386e-06,1.16176,3.65714e-06,0.000965214,0.958185,0.0,2.0,3.8,72.8,219.7,100,1217471577
55658,1962,2.43861e-05,0.991129,2.77714e-05,0.141098,0.26046,0.1,3.7,8.2,65.6,228.2,48,1.94038e-05,0.984732,2.28914e-05,0.0990697,0.428707,0.0,2.0,14.7,70.0,233.1,21,3.21873e-06,1.14429,3.62286e-06,0.000720193,0.958114,0.0,2.0,3.9,73.5,219.3,100,1217471577
55660,1970,2.41416e-05,0.991206,2.77486e-05,0.113395,0.26103,0.0,4.4,7.7,64.0,222.3,51,1.75168e-05,0.984414,2.12457e-05,0.0780029,0.485833,0.0,2.1,13.9,68.8,226.0,26,2.86922e-06,1.13916,3.26857e-06,0.000625757,0.963956,0.0,2.0,4.0,74.2,218.9,100,1217471577
55662,1957,2.453e-05,0.991277,2.728e-05,0.186673,0.264662,0.2,4.8,8.5,64.3,226.0,52,1.83415e-05,0.983696,2.17943e-05,0.107802,0.457734,0.0,2.3,15.0,71.4,230.8,35,3.17076e-06,0.913684,3.71429e-06,0.000753157,0.951151,0.0,2.0,4.0,73.5,222.6,100,1217471577
55664,1942,2.40685e-05,0.990988,2.90286e-05,0.153275,0.231947,0.1,5.0,9.9,67.4,226.8,44,1.86865e-05,0.983362,2.09486e-05,0.0983595,0.494167,0.0,2.2,14.2,70.2,225.5,16,2.86236e-06,1.15164,3.38286e-06,0.0104198,0.96148,0.0,2.2,4.1,74.5,220.4,100,1217471577
55666,2003,2.47219e-05,0.990785,2.70857e-05,0.121966,0.262784,0.1,3.4,9.5,63.1,223.4,49,1.8442e-05,0.984033,2.10286e-05,0.099091,0.464526,0.0,1.9,11.6,67.2,228.5,30,2.65448e-06,0.907763,3.39429e-06,0.00580384,0.967475,0.0,2.3,4.2,76.6,216.7,100,1217471577
55668,2011,2.41256e-05,0.990815,2.67086e-05,0.151217,0.26411,0.1,4.3,8.4,62.7,216.0,48,1.75694e-05,0.98299,1.98057e-05,0.0801828,0.506694,0.0,1.9,12.9,72.4,229.7,22,2.7687e-06,0.861771,3.41714e-06,0.00112981,0.969547,0.0,2.0,4.3,78.9,216.5,100,1217471577
55670,1999,2.52701e-05,0.990869,2.72571e-05,0.126907,0.252889,0.2,3.5,8.5,66.0,221.4,49,1.87619e-05,0.984172,2.12343e-05,0.114173,0.493177,0.0,2.1,15.0,73.8,231.3,27,2.51513e-06,0.841492,3.13143e-06,0.00124854,0.970562,0.0,2.0,4.4,79.7,217.2,100,1217471577
55672,1961,2.46031e-05,0.991057,2.75314e-05,0.24933,0.257089,0.2,4.9,9.2,66.5,221.1,58,1.91616e-05,0.986414,2.13257e-05,0.0939547,0.469164,0.0,1.7,14.1,74.1,229.0,21,2.40091e-06,0.839872,2.64e-06,0.00170804,0.973215,0.0,2.0,4.6,79.1,221.3,100,1217471577
55674,2021,2.53455e-05,0.991151,2.80343e-05,0.232775,0.239035,0.1,5.2,9.9,65.8,220.9,44,1.82776e-05,0.984292,2.08457e-05,0.0588706,0.505694,0.0,1.1,13.0,71.3,224.1,21,2.11079e-06,0.844967,3.13143e-06,0.000739091,0.975437,0.0,2.0,4.3,80.0,218.0,100,1217471577
55676,1970,2.52656e-05,0.991299,2.79429e-05,0.212653,0.269893,0.2,4.1,9.9,69.5,226.1,49,1.80217e-05,0.984665,2.09257e-05,0.110829,0.499177,0.0,2.1,12.6,70.5,223.9,29,1.65391e-06,0.878266,2.52571e-06,0.00052143,0.978834,0.0,2.0,4.0,78.3,219.1,100,1217471577
55678,1982,2.47516e-05,0.991407,2.69257e-05,0.36233,0.258121,0.4,4.8,11.3,65.7,220.7,49,1.96596e-05,0.985462,2.20914e-05,0.0920327,0.462512,0.0,1.8,13.7,74.0,229.6,19,2.05597e-06,0.851929,2.38857e-06,0.00715133,0.974983,0.0,2.1,4.0,79.0,219.9,100,1217471577
55680,1994,2.5044e-05,0.991549,2.82171e-05,0.157253,0.235534,0.3,4.6,8.3,67.3,223.5,52,1.79143e-05,0.984492,1.97829e-05,0.0842244,0.5384,0.0,1.6,14.1,72.2,227.1,26,1.97601e-06,0.853368,2.13714e-06,0.0202669,0.981733,0.0,2.3,4.0,80.6,221.0,100,1217471577
55682,1985,2.44043e-05,0.991463,2.70857e-05,0.121763,0.261551,0.1,4.3,10.4,61.8,218.9,47,1.86362e-05,0.986015,2.10171e-05,0.112829,0.463283,0.1,2.3,12.5,75.8,225.3,26,2.00114e-06,0.839507,1.81714e-06,0.0267732,0.984676,0.0,2.4,4.0,79.9,219.1,100,1217471577
55684,2015,2.62501e-05,0.991271,2.78057e-05,0.315589,0.253515,0.2,4.4,10.0,64.5,225.2,48,1.89492e-05,0.986902,1.97943e-05,0.0810214,0.543387,0.0,1.2,13.7,72.9,222.2,28,1.96231e-06,0.842092,2.24e-06,0.0316444,0.980223,0.0,2.5,4.1,80.4,220.3,100,1217471577
55686,1978,2.51742e-05,0.991257,2.70971e-05,0.115673,0.258102,0.0,3.6,9.2,64.5,219.8,53,1.88167e-05,0.983647,2.12343e-05,0.0708029,0.485981,0.1,1.3,12.2,72.6,220.8,22,1.63792e-06,0.841455,1.97714e-06,0.0202575,0.983378,0.0,2.3,4.0,79.9,221.0,100,1217471577
55688,1989,2.48818e-05,0.991235,2.70743e-05,0.148971,0.277981,0.1,4.9,9.6,63.4,222.5,46,1.82844e-05,0.985568,1.96686e-05,0.0853481,0.521107,0.0,1.6,13.3,75.0,226.0,27,1.80468e-06,0.840858,2.03429e-06,0.0250079,0.984913,0.0,2.4,4.1,79.9,219.7,100,1217471577
55690,2006,2.4948e-05,0.991094,2.83086e-05,0.131566,0.234109,0.1,4.4,9.4,65.5,221.2,41,1.96391e-05,0.985211,1.91657e-05,0.0817132,0.532448,0.0,1.5,13.8,74.5,219.1,25,1.58081e-06,0.840527,2.16e-06,0.0512985,0.97895,0.0,2.8,4.1,81.2,220.0,100,1217471577
55692,2038,2.46122e-05,0.991,2.74057e-05,0.12041,0.294946,0.1,4.2,8.7,61.0,230.0,52,1.87961e-05,0.986027,2.07657e-05,0.10481,0.478567,0.0,2.2,12.6,71.2,223.1,27,1.64706e-06,0.857141,1.57714e-06,0.0246637,0.989942,0.0,2.4,4.0,80.9,221.3,100,1217471577
55694,1981,2.47995e-05,0.99111,2.84457e-05,0.200843,0.242606,0.5,6.2,10.2,68.4,221.4,51,1.79897e-05,0.983536,1.992e-05,0.10118,0.509223,0.0,2.1,15.3,73.9,220.3,33,1.35009e-06,0.855811,1.63429e-06,0.0201455,0.990304,0.0,2.3,4.0,80.4,222.5,100,1217471577
55696,1972,2.43906e-05,0.991243,2.72457e-05,0.116878,0.251466,0.0,4.3,9.6,66.3,220.9,52,1.77864e-05,0.982433,1.968e-05,0.0614358,0.541854,0.0,1.4,13.5,73.9,223.5,23,1.40263e-06,1.20138,1.50857e-06,0.00693262,0.990453,0.0,2.1,4.0,79.2,217.7,100,1217471577
55698,1991,2.55557e-05,0.991106,2.71886e-05,0.114271,0.254807,0.0,4.4,9.0,68.7,224.9,51,1.67287e-05,0.983156,2.02514e-05,0.113081,0.517924,0.0,2.5,14.2,73.5,225.4,28,1.1285e-06,0.9323,1.64571e-06,0.000413422,0.993136,0.0,2.0,4.0,79.3,219.0,100,1217471577
55700,2040,2.47379e-05,0.991119,2.72114e-05,0.213297,0.260409,0.2,3.8,9.2,65.7,219.7,49,1.6948e-05,0.982949,2.02971e-05,0.0850943,0.526586,0.0,1.8,13.0,75.7,221.5,33,1.39349e-06,0.886752,1.53143e-06,0.000757908,0.990782,0.0,2.0,4.1,79.6,219.8,100,1217471577
55702,1962,2.51079e-05,0.991192,2.73143e-05,0.122874,0.253483,0.1,4.3,10.1,64.6,222.7,54,1.66054e-05,0.982715,2.008e-05,0.0880989,0.527132,0.0,2.0,13.4,77.2,222.0,26,1.21987e-06,0.886612,1.38286e-06,0.000378732,0.994798,0.0,2.0,4.0,78.2,221.9,100,1217471577
