Year,popSizeP1,PiP1,FitnessP1,meanHetP1,BP1,FROHP1,avgvStrDelP1,avgStrDelP1,avgModDelP1,avgWkDelP1,avgNeutP1,popSizeP2,PiP2,FitnessP2,meanHetP2,BP2,FROHP2,avgvStrDelP2,avgStrDelP2,avgModDelP2,avgWkDelP2,avgNeutP2,popSizeP3,PiP3,FitnessP3,meanHetP3,BP3,FROHP3,avgvStrDelP3,avgStrDelP3,avgModDelP3,avgWkDelP3,avgNeutP3, KCrater,Seed
55604,1950,2.48018e-05,0.989972,2.776e-05,0.25754,0.268788,0.3,4.7,9.4,74.8,204.4,84,2.11285e-05,0.989819,2.208e-05,0.095188,0.408839,0.1,2.6,8.1,72.3,207.8,22,1.25391e-05,0.853602,1.49143e-05,0.0481835,0.663076,0.0,3.5,14.4,67.0,209.1,100,1387186143
55606,1968,2.45665e-05,0.989987,2.76e-05,0.168125,0.248502,0.2,5.0,9.2,69.4,209.4,89,2.13798e-05,0.988636,2.41143e-05,0.10719,0.333063,0.0,3.8,7.2,72.5,207.7,25,1.36927e-05,0.85284,1.45714e-05,0.0474371,0.658709,0.0,2.8,13.8,67.9,205.6,100,1387186143
55608,1978,2.52656e-05,0.990043,2.67771e-05,0.253404,0.281096,0.3,4.5,10.9,69.2,206.2,95,2.05574e-05,0.988991,2.36343e-05,0.106468,0.343023,0.0,3.2,6.7,70.0,206.9,36,1.34232e-05,0.856787,1.44229e-05,0.066706,0.651348,0.0,3.7,13.9,71.7,210.5,100,1387186143
55610,1952,2.5229e-05,0.990088,2.70743e-05,0.217154,0.2446,0.5,4.6,11.1,71.6,201.0,103,1.93307e-05,0.987974,2.176e-05,0.0959882,0.396801,0.1,2.7,7.3,72.1,203.9,16,1.25231e-05,0.846295,1.42171e-05,0.0596083,0.69423,0.0,3.5,15.8,71.1,212.0,100,1387186143
55612,1990,2.37601e-05,0.989964,2.8e-05,0.351345,0.267748,0.3,5.0,10.5,69.9,209.5,99,2.06899e-05,0.988138,2.38514e-05,0.141093,0.386558,0.2,3.3,9.4,71.5,204.0,25,1.28155e-05,0.868529,1.36686e-05,0.0575914,0.684111,0.0,3.6,13.6,70.0,206.0,100,1387186143
55614,1975,2.56973e-05,0.989957,2.73029e-05,0.134033,0.248732,0.2,3.3,9.7,72.5,199.6,105,2.05505e-05,0.987373,2.192e-05,0.0904073,0.3969,0.4,2.2,8.3,74.8,204.0,23,1.19269e-05,0.865817,1.33029e-05,0.0491104,0.69022,0.0,2.9,14.1,66.8,211.6,100,1387186143
55616,1964,2.54141e-05,0.989789,2.59886e-05,0.176027,0.287175,0.3,4.4,10.4,72.3,203.5,87,2.14255e-05,0.988036,2.38057e-05,0.106457,0.380278,0.1,2.6,7.4,71.6,209.4,19,1.14677e-05,0.854838,1.23886e-05,0.0564764,0.721512,0.0,3.2,12.7,66.6,202.9,100,1387186143
55618,1987,2.46899e-05,0.989872,2.74971e-05,0.330499,0.22521,0.3,5.4,11.8,70.6,204.1,90,1.94906e-05,0.988867,2.432e-05,0.132063,0.345985,0.1,3.8,7.2,69.1,203.5,27,1.13467e-05,0.854919,1.14286e-05,0.0660984,0.741401,0.0,4.8,13.1,67.2,203.8,100,1387186143
55620,1990,2.51399e-05,0.990004,2.72457e-05,0.150152,0.236717,0.0,4.5,11.0,73.9,205.0,96,2.07995e-05,0.988314,2.26171e-05,0.143693,0.406536,0.1,3.2,7.6,69.3,204.1,31,9.93946e-06,0.858771,1.28229e-05,0.0456315,0.725899,0.0,3.6,12.0,65.3,204.4,100,1387186143
55622,1969,2.37761e-05,0.990155,2.75543e-05,0.198346,0.25191,0.6,4.5,10.7,69.5,202.1,94,1.96391e-05,0.988829,2.36686e-05,0.124391,0.354952,0.2,3.0,7.2,71.3,201.5,23,9.95317e-06,0.849396,1.05714e-05,0.0547426,0.765817,0.0,3.8,13.2,64.3,200.6,100,1387186143
55624,1960,2.44569e-05,0.990093,2.752e-05,0.305553,0.264282,0.3,6.0,11.5,75.2,199.0,102,2.10303e-05,0.98653,2.22971e-05,0.130618,0.391079,0.2,3.0,7.2,70.3,198.6,16,8.39292e-06,0.848948,1.14057e-05,0.0482563,0.751179,0.0,3.6,14.0,66.0,207.8,100,1387186143
55626,1980,2.52816e-05,0.989944,2.85714e-05,0.232939,0.238553,0.2,3.7,12.6,71.9,208.2,106,1.99886e-05,0.988535,2.17143e-05,0.0597908,0.415926,0.1,1.7,7.4,68.9,200.9,29,9.52599e-06,0.862552,1.064e-05,0.0538818,0.776301,0.0,4.0,13.9,68.3,208.8,100,1387186143
55628,1938,2.50851e-05,0.989818,2.74629e-05,0.204862,0.238271,0.4,4.9,10.8,71.1,205.7,104,1.99794e-05,0.987435,2.28914e-05,0.0896579,0.407899,0.0,3.0,7.2,74.6,199.9,32,9.32039e-06,0.876547,1.14286e-05,0.0667566,0.759273,0.0,4.2,13.5,63.3,206.5,100,1387186143
55630,1998,2.46625e-05,0.989796,2.76457e-05,0.287107,0.244801,0.2,5.7,10.6,73.1,204.7,95,1.99018e-05,0.985452,2.17486e-05,0.144733,0.41713,0.6,2.8,8.1,72.5,198.8,19,9.18104e-06,0.877754,1.152e-05,0.0719634,0.757825,0.0,4.0,13.5,62.2,201.5,100,1387186143
55632,1986,2.48909e-05,0.989573,2.72686e-05,0.168835,0.258545,0.1,4.6,11.5,71.8,204.6,99,2.08452e-05,0.985479,2.29257e-05,0.132788,0.389362,0.3,3.0,9.4,71.4,202.8,26,8.68761e-06,0.863943,9.95429e-06,0.0436036,0.780362,0.0,4.1,13.5,63.9,202.5,100,1387186143
55634,1977,2.52473e-05,0.98931,2.74971e-05,0.115773,0.249427,0.0,3.7,10.1,71.6,203.7,107,1.96254e-05,0.985048,2.30743e-05,0.138191,0.378644,0.2,2.6,6.7,70.7,207.8,23,8.82696e-06,0.856475,9.98857e-06,0.0538721,0.786353,0.1,3.5,11.7,64.3,200.8,100,1387186143
55636,1953,2.42399e-05,0.989438,2.65943e-05,0.181556,0.287469,0.2,5.2,11.3,73.9,201.0,97,2.0297e-05,0.985355,2.41714e-05,0.169577,0.352272,0.4,3.1,7.8,72.0,208.6,25,1.53375e-05,0.852321,1.33143e-05,0.118997,0.679507,0.3,4.2,12.4,65.4,203.4,100,1387186143
55638,1972,2.4329e-05,0.98934,2.72114e-05,0.201817,0.241033,0.2,5.1,11.7,73.2,206.7,92,2.07402e-05,0.986216,2.24114e-05,0.158326,0.388159,0.3,3.4,6.7,72.5,197.8,26,1.41907e-05,0.854234,1.53257e-05,0.122964,0.634645,0.3,4.1,12.0,65.6,204.8,100,1387186143
55640,1999,2.48521e-05,0.98934,2.728e-05,0.379774,0.251012,0.7,4.4,11.4,72.6,199.5,100,1.89309e-05,0.985823,2.17371e-05,0.116944,0.405058,0.4,2.6,7.8,67.0,200.7,26,1.47664e-05,0.857144,1.54514e-05,0.0597749,0.619756,0.0,2.8,11.8,68.9,206.9,100,1387186143
55642,1978,2.43609e-05,0.989402,2.784e-05,0.268306,0.233762,0.4,4.6,11.4,75.6,209.5,98,1.89515e-05,0.985898,2.25257e-05,0.167745,0.394595,0.4,3.0,6.8,70.7,206.6,24,1.62878e-05,0.853494,1.75429e-05,0.077863,0.565223,0.1,3.1,12.4,63.3,208.8,100,1387186143
55644,1994,2.50691e-05,0.989558,2.74629e-05,0.138515,0.241463,0.1,3.9,11.0,74.8,208.5,94,1.94677e-05,0.985442,2.14514e-05,0.137484,0.402129,0.3,2.0,6.2,71.6,205.0,15,1.57624e-05,0.85649,1.79771e-05,0.0617268,0.583753,0.1,2.4,12.3,62.5,208.0,100,1387186143
55646,2004,2.5695e-05,0.989602,2.696e-05,0.187433,0.265282,0.2,4.6,11.5,71.3,203.4,100,1.95979e-05,0.984174,2.25257e-05,0.155472,0.401454,0.5,2.6,6.7,68.3,206.2,32,1.49812e-05,0.864422,1.82057e-05,0.117809,0.554531,0.3,2.9,11.9,61.9,213.0,100,1387186143
55648,1944,2.52587e-05,0.9896,2.72686e-05,0.29478,0.246357,0.3,4.5,12.1,72.9,199.8,95,1.91662e-05,0.98203,2.07543e-05,0.0918194,0.426487,0.2,2.3,7.1,68.9,200.4,27,1.46636e-05,0.910897,1.696e-05,0.0605409,0.596854,0.1,2.4,12.5,66.8,209.3,100,1387186143
55650,1986,2.46214e-05,0.989218,2.67314e-05,0.183521,0.254441,0.2,4.4,13.2,74.9,201.3,102,1.94312e-05,0.983057,2.17714e-05,0.138662,0.401326,0.5,2.8,7.6,70.1,209.4,27,1.19635e-05,1.19258,1.66171e-05,0.11094,0.582162,0.3,2.2,13.7,62.5,195.7,100,1387186143
55652,1957,2.53295e-05,0.989379,2.75886e-05,0.218703,0.260152,0.2,6.1,10.1,75.4,203.1,96,1.96254e-05,0.984092,2.192e-05,0.121299,0.397183,0.2,3.0,6.9,68.1,200.5,24,1.41473e-05,1.20918,1.62629e-05,0.0406887,0.603713,0.0,2.2,13.8,67.8,192.4,100,1387186143
55654,1965,2.47516e-05,0.989166,2.85829e-05,0.2231,0.21515,0.4,4.7,10.9,74.8,212.7,101,1.85357e-05,0.986339,2.26629e-05,0.125373,0.381158,0.2,2.6,7.0,70.2,206.7,29,1.16002e-05,0.896795,1.64686e-05,0.0516991,0.609994,0.0,2.1,14.1,64.3,196.8,100,1387186143
55656,1982,2.46145e-05,0.989332,2.70743e-05,0.199696,0.260023,0.3,5.0,10.9,75.7,208.1,112,2.02924e-05,0.984558,2.11086e-05,0.126114,0.449129,0.5,2.0,7.2,70.4,208.8,21,1.56071e-05,0.880194,1.79086e-05,0.0571001,0.544822,0.0,2.4,13.5,62.9,201.2,100,1387186143
55658,1941,2.47219e-05,0.989454,2.70171e-05,0.177333,0.222961,0.2,5.0,10.1,66.2,208.8,108,1.88281e-05,0.986508,2.24686e-05,0.134679,0.418929,0.4,2.4,8.4,70.2,207.6,22,1.89606e-05,0.862941,2.12229e-05,0.0703387,0.45948,0.0,2.8,13.4,64.8,198.1,100,1387186143
55660,1993,2.50714e-05,0.989276,2.66743e-05,0.156333,0.266593,0.0,4.9,11.4,72.6,200.7,101,1.95911e-05,0.987696,2.24343e-05,0.137667,0.40688,0.4,2.1,8.7,68.5,208.2,34,1.70326e-05,0.859531,2.08914e-05,0.0639997,0.471167,0.0,3.3,12.1,63.9,201.3,100,1387186143
55662,1990,2.41987e-05,0.989376,2.704e-05,0.158043,0.242479,0.2,3.9,8.7,73.4,209.3,104,1.93101e-05,0.989826,2.21714e-05,0.187287,0.415367,0.5,2.8,8.2,69.3,205.4,23,1.75648e-05,0.85376,1.82171e-05,0.0726975,0.548889,0.0,3.7,12.1,64.4,195.5,100,1387186143
55664,1957,2.50577e-05,0.989438,2.71429e-05,0.188461,0.254156,0.5,5.2,10.7,72.0,205.4,99,2.02764e-05,0.987119,2.224e-05,0.176233,0.390059,0.4,3.3,7.8,67.6,203.3,24,1.70074e-05,0.858413,1.95314e-05,0.0681613,0.50317,0.0,3.7,12.3,63.1,198.8,100,1387186143
55666,1992,2.46876e-05,0.98954,2.71429e-05,0.20957,0.273004,0.4,5.0,12.7,71.3,204.1,103,1.94586e-05,0.985627,2.19886e-05,0.10638,0.412933,0.3,2.8,7.2,69.5,206.3,26,1.56117e-05,0.857858,1.92571e-05,0.0838033,0.540141,0.0,3.8,11.4,66.9,195.7,100,1387186143
55668,2018,2.47264e-05,0.98929,2.73371e-05,0.210021,0.257448,0.4,5.5,12.9,74.0,200.6,101,1.95797e-05,0.990213,2.144e-05,0.17686,0.414929,0.3,3.4,8.2,70.3,205.4,32,1.45425e-05,0.9033,1.89714e-05,0.0652433,0.559352,0.0,3.1,13.3,70.6,195.6,100,1387186143
55670,1946,2.41919e-05,0.989416,2.66286e-05,0.145453,0.278168,0.2,3.1,11.5,72.9,203.5,99,1.87344e-05,0.989533,2.24571e-05,0.0890861,0.395239,0.0,2.3,7.1,68.2,204.4,16,1.49583e-05,1.16442,1.81486e-05,0.0586157,0.575706,0.0,3.1,12.0,70.5,196.0,100,1387186143
55672,1965,2.40685e-05,0.989341,2.78286e-05,0.185512,0.247493,0.3,4.0,11.8,72.4,203.4,90,1.79646e-05,0.988296,2.24686e-05,0.127704,0.393148,0.2,2.9,8.7,68.8,202.0,26,1.39989e-05,1.15142,1.72114e-05,0.055057,0.599035,0.0,2.9,11.7,70.3,202.4,100,1387186143
55674,1994,2.36939e-05,0.989295,2.80343e-05,0.204565,0.23739,0.3,5.4,12.3,73.1,206.7,103,1.9269e-05,0.989354,2.25029e-05,0.192942,0.390875,0.4,3.4,7.3,70.3,202.3,29,1.23518e-05,0.938053,1.42629e-05,0.0613786,0.683298,0.0,3.4,13.2,71.5,197.2,100,1387186143
55676,1996,2.46511e-05,0.989361,2.77829e-05,0.148566,0.237879,0.0,4.6,11.8,71.8,207.9,103,1.99475e-05,0.98951,2.23886e-05,0.140285,0.380234,0.3,2.7,7.0,70.0,200.2,23,1.45997e-05,0.88711,1.968e-05,0.0476507,0.499368,0.0,1.7,11.2,70.1,199.1,100,1387186143
55678,1963,2.5526e-05,0.989391,2.73257e-05,0.213561,0.288773,0.4,4.9,11.4,72.2,205.3,101,1.9502e-05,0.989838,2.18629e-05,0.133995,0.405675,0.6,2.9,7.5,68.6,212.1,21,1.20251e-05,1.22019,1.57486e-05,0.0514613,0.645631,0.0,2.6,12.0,73.1,198.1,100,1387186143
55680,1960,2.39772e-05,0.989402,2.77486e-05,0.192717,0.268043,0.2,5.2,10.5,74.6,206.3,99,1.96368e-05,0.98984,2.10971e-05,0.103332,0.415911,0.1,2.7,6.9,69.4,206.7,30,1.13215e-05,0.927166,1.26629e-05,0.0296507,0.728296,0.0,1.9,13.7,75.7,194.9,100,1387186143
55682,2011,2.3952e-05,0.989414,2.84457e-05,0.188752,0.237748,0.2,5.4,12.7,74.9,204.1,99,1.90862e-05,0.990268,2.24114e-05,0.104545,0.415161,0.3,2.0,5.8,68.2,212.4,26,8.74929e-06,0.875992,1.17486e-05,0.055159,0.724694,0.0,2.0,13.4,73.5,198.1,100,1387186143
55684,1965,2.46328e-05,0.989457,2.72571e-05,0.17332,0.274255,0.3,4.8,11.3,70.3,207.3,97,1.94814e-05,0.988677,2.14971e-05,0.0919925,0.425029,0.2,1.7,6.7,68.9,210.8,30,7.98173e-06,0.900459,1.072e-05,0.0638174,0.755773,0.0,2.2,13.8,72.2,198.9,100,1387186143
55686,2005,2.38218e-05,0.989545,2.74171e-05,0.204728,0.256818,0.3,5.0,13.2,72.5,205.9,102,1.87253e-05,0.98771,2.12914e-05,0.104847,0.418809,0.3,2.6,6.7,68.8,203.9,33,8.20103e-06,0.872164,9.47429e-06,0.0466711,0.789,0.0,2.7,14.3,71.1,199.4,100,1387186143
55688,1962,2.50508e-05,0.98942,2.712e-05,0.222725,0.270687,0.3,5.8,11.2,71.0,202.8,97,1.93215e-05,0.986866,2.15771e-05,0.0608326,0.431626,0.5,2.1,6.7,71.5,212.9,28,9.55797e-06,0.849039,8.64e-06,0.0534424,0.819272,0.0,2.6,14.3,72.5,198.9,100,1387186143
55690,1998,2.54529e-05,0.98946,2.73714e-05,0.235727,0.246004,0.6,5.2,11.1,72.8,201.7,97,1.85357e-05,0.986275,2.20914e-05,0.101417,0.400001,0.0,3.1,8.3,70.6,213.0,27,8.44546e-06,0.856813,9.76e-06,0.0568469,0.78169,0.0,2.5,15.0,72.1,201.6,100,1387186143
55692,1982,2.44386e-05,0.989458,2.76229e-05,0.166207,0.251422,0.2,4.4,11.5,65.9,206.8,101,1.89537e-05,0.987827,2.07429e-05,0.117456,0.458127,0.5,3.0,7.0,70.6,212.0,12,7.6779e-06,0.856173,1.08114e-05,0.0514598,0.766053,0.0,2.5,14.6,70.1,198.5,100,1387186143
55694,1978,2.4562e-05,0.989311,2.74514e-05,0.193337,0.256505,0.1,5.3,11.9,72.9,202.4,97,1.88829e-05,0.98617,2.18057e-05,0.124758,0.409317,0.2,3.2,8.2,71.3,213.2,23,7.90177e-06,0.855683,8.49143e-06,0.048699,0.822107,0.0,2.2,15.2,67.9,196.6,100,1387186143
55696,2000,2.46442e-05,0.989312,2.79886e-05,0.237895,0.240853,0.6,5.4,10.6,73.8,208.6,100,1.83735e-05,0.986915,2.14629e-05,0.105314,0.403449,0.2,2.4,7.6,70.1,203.7,26,7.42661e-06,1.26981,9.01714e-06,0.0257755,0.819002,0.0,1.7,14.6,71.4,199.9,100,1387186143
55698,1952,2.45848e-05,0.989271,2.62171e-05,0.173257,0.27711,0.2,5.5,12.5,68.8,202.6,98,1.84398e-05,0.98652,2.216e-05,0.0990481,0.399042,0.2,2.7,7.7,71.7,202.8,18,6.44203e-06,1.12925,7.32571e-06,0.0387716,0.858881,0.0,1.6,14.4,71.6,201.2,100,1387186143
55700,1990,2.56653e-05,0.98918,2.73257e-05,0.161132,0.240735,0.3,4.2,12.5,71.0,203.5,104,1.89195e-05,0.987932,2.16457e-05,0.0955883,0.408947,0.4,3.3,7.6,70.5,205.9,31,4.50714e-06,0.918326,6.24e-06,0.0190122,0.889609,0.0,0.8,14.2,70.9,200.5,100,1387186143
55702,1932,2.52359e-05,0.989164,2.768e-05,0.15831,0.256681,0.1,5.2,10.7,71.9,204.5,104,1.84398e-05,0.986703,2.08343e-05,0.114294,0.459915,0.4,3.9,7.2,73.0,211.8,29,4.78127e-06,0.850402,5.25714e-06,0.0111008,0.904686,0.0,0.6,14.2,71.7,199.5,100,1387186143
