Year,popSizeP1,PiP1,FitnessP1,meanHetP1,BP1,FROHP1,avgvStrDelP1,avgStrDelP1,avgModDelP1,avgWkDelP1,avgNeutP1,popSizeP2,PiP2,FitnessP2,meanHetP2,BP2,FROHP2,avgvStrDelP2,avgStrDelP2,avgModDelP2,avgWkDelP2,avgNeutP2,popSizeP3,PiP3,FitnessP3,meanHetP3,BP3,FROHP3,avgvStrDelP3,avgStrDelP3,avgModDelP3,avgWkDelP3,avgNeutP3, KCrater,Seed
55604,1992,2.38721e-05,0.990406,2.78057e-05,0.242359,0.251009,1.0,5.1,9.5,71.6,202.4,51,2.20788e-05,0.986723,2.296e-05,0.238218,0.410752,0.5,4.1,7.4,72.3,196.0,24,1.4241e-05,0.85876,1.66171e-05,0.239645,0.597112,0.4,7.3,2.8,71.7,202.7,100,1279683782
55606,1966,2.38081e-05,0.990333,2.68571e-05,0.208279,0.252573,0.6,4.0,8.5,68.0,201.1,53,2.16996e-05,0.986973,2.28686e-05,0.271129,0.399278,0.6,4.4,7.1,73.1,195.6,25,1.42204e-05,0.85827,1.59543e-05,0.153318,0.630503,0.3,6.5,2.9,70.5,202.8,100,1279683782
55608,2003,2.38378e-05,0.990225,2.73371e-05,0.336531,0.25327,0.8,4.8,8.7,69.3,203.6,51,2.06396e-05,0.986284,2.39429e-05,0.168637,0.364584,0.3,3.1,8.5,72.3,194.9,25,1.35031e-05,0.835589,1.60914e-05,0.205789,0.625646,0.4,7.1,4.4,69.9,201.5,100,1279683782
55610,1995,2.3735e-05,0.990409,2.76686e-05,0.31524,0.247125,0.8,4.0,8.7,70.9,201.3,52,2.06922e-05,0.987749,2.27543e-05,0.248158,0.388448,0.7,3.7,7.7,72.1,195.8,26,1.28612e-05,0.842702,1.37257e-05,0.25267,0.676373,0.6,6.5,5.1,70.5,194.2,100,1279683782
55612,1979,2.40046e-05,0.990581,2.72571e-05,0.182287,0.247903,0.6,3.9,8.9,70.2,197.7,51,1.90862e-05,0.986806,2.35086e-05,0.184744,0.356029,0.4,3.7,9.4,68.3,194.8,26,1.17967e-05,0.802799,1.52229e-05,0.21715,0.649044,0.5,6.6,3.8,70.8,193.9,100,1279683782
55614,1969,2.43518e-05,0.990766,2.72457e-05,0.261659,0.251638,0.8,4.8,9.9,68.6,206.3,49,2.01119e-05,0.987386,2.29486e-05,0.164472,0.384615,0.3,3.8,9.8,69.8,194.2,28,1.26739e-05,0.820163,1.37257e-05,0.114112,0.690104,0.2,6.4,3.8,73.6,193.9,100,1279683782
55616,1988,2.3783e-05,0.990631,2.67886e-05,0.138989,0.227988,0.2,4.2,8.3,68.9,200.0,45,2.14392e-05,0.984694,2.36343e-05,0.22464,0.38967,0.6,4.7,8.2,68.3,199.2,25,1.2466e-05,0.846496,1.40571e-05,0.253044,0.685563,0.7,6.6,3.6,72.9,187.4,100,1279683782
55618,1965,2.39383e-05,0.990559,2.632e-05,0.344271,0.264189,1.0,4.7,7.7,68.3,200.5,50,2.02673e-05,0.984077,2.30857e-05,0.138788,0.379427,0.3,2.9,9.9,69.1,189.3,26,1.07641e-05,0.928779,1.33943e-05,0.175885,0.681366,0.4,6.0,3.9,72.5,189.2,100,1279683782
55620,1957,2.47424e-05,0.990642,2.66857e-05,0.254974,0.243087,0.9,5.2,8.8,73.1,203.4,53,1.94243e-05,0.984338,2.408e-05,0.180887,0.366833,0.2,4.1,7.9,72.6,191.1,31,1.07984e-05,1.23619,1.24343e-05,0.128372,0.704605,0.2,6.7,5.0,72.6,185.3,100,1279683782
55622,1998,2.43153e-05,0.990634,2.67314e-05,0.167922,0.256915,0.6,5.6,7.0,66.6,202.6,44,1.96893e-05,0.982432,2.30057e-05,0.148799,0.381206,0.3,3.0,8.2,73.9,194.6,22,1.04489e-05,1.1431,1.10057e-05,0.089197,0.742124,0.1,6.8,4.2,72.4,184.7,100,1279683782
55624,1956,2.32667e-05,0.990606,2.65486e-05,0.38854,0.280315,0.9,6.5,8.9,70.9,200.1,46,2.00959e-05,0.983059,2.26971e-05,0.158587,0.402315,0.2,3.9,9.7,73.8,188.7,23,1.02204e-05,0.88726,1.21829e-05,0.0543335,0.726607,0.0,6.3,3.3,72.8,191.9,100,1279683782
55626,1948,2.37007e-05,0.990672,2.78971e-05,0.259811,0.26054,0.8,5.3,9.0,72.7,207.1,52,1.90862e-05,0.982135,2.30743e-05,0.244162,0.378524,0.6,3.8,8.2,70.7,192.3,30,9.38435e-06,0.909978,1.18857e-05,0.0699014,0.716607,0.0,7.0,3.2,71.2,182.4,100,1279683782
55628,1986,2.40206e-05,0.990588,2.73486e-05,0.15805,0.226314,0.3,3.8,8.6,72.0,199.2,52,2.00685e-05,0.983222,2.32343e-05,0.169287,0.379442,0.4,3.9,10.1,73.2,195.9,18,8.02513e-06,0.849626,9.46286e-06,0.0496722,0.778242,0.0,7.3,2.7,71.4,181.5,100,1279683782
55630,1945,2.36825e-05,0.990795,2.67086e-05,0.168662,0.238122,0.5,3.6,7.0,70.3,198.6,47,2.09001e-05,0.983284,2.19771e-05,0.204691,0.418381,0.5,4.1,7.9,72.7,192.2,28,7.55454e-06,0.82961,9.2e-06,0.047766,0.79409,0.0,6.4,2.3,72.3,184.1,100,1279683782
55632,1987,2.39452e-05,0.990618,2.58743e-05,0.158478,0.261638,0.3,3.9,9.3,70.0,191.8,48,2.0779e-05,0.983241,2.13257e-05,0.307486,0.439601,1.1,4.8,8.6,68.4,192.7,23,7.7076e-06,0.822401,9.25714e-06,0.0519238,0.79271,0.0,6.8,2.2,72.9,186.7,100,1279683782
55634,2025,2.36322e-05,0.990267,2.71429e-05,0.180318,0.255416,0.6,3.6,7.7,72.2,200.8,45,2.09595e-05,0.981787,2.26857e-05,0.267977,0.410337,0.7,4.6,10.1,68.6,193.4,19,8.00914e-06,0.820255,8.94857e-06,0.0547817,0.791481,0.0,6.7,2.6,75.2,188.0,100,1279683782
55636,1981,2.37007e-05,0.99023,2.72114e-05,0.284877,0.234701,0.9,5.0,10.0,73.1,202.2,43,2.00274e-05,0.983265,2.35543e-05,0.186142,0.418091,0.5,4.6,8.6,72.8,197.9,29,1.43027e-05,0.832293,1.22971e-05,0.128391,0.696057,0.2,7.1,3.2,72.6,191.3,100,1279683782
55638,1969,2.4418e-05,0.990071,2.70057e-05,0.346861,0.270499,0.7,5.5,8.3,70.7,196.6,52,2.02079e-05,0.976578,2.20229e-05,0.258639,0.422742,0.7,5.2,9.2,75.4,190.7,25,1.65939e-05,0.83361,1.47429e-05,0.174137,0.625306,0.2,8.1,4.2,74.0,185.2,100,1279683782
55640,1982,2.44432e-05,0.989945,2.63771e-05,0.211987,0.266491,0.7,3.6,8.8,68.0,192.5,50,1.98789e-05,0.976343,2.25943e-05,0.192732,0.431374,0.3,4.5,9.9,73.0,191.4,36,7.04283e-06,0.926381,1.352e-05,0.0892156,0.669863,0.0,5.2,3.8,77.6,192.3,100,1279683782
55642,1940,2.37053e-05,0.98984,2.61714e-05,0.145181,0.261534,0.3,3.4,7.8,70.3,202.0,50,2.04729e-05,0.967758,2.36e-05,0.246435,0.373804,0.4,4.4,9.5,68.9,193.1,17,1.56071e-05,1.20095,1.45486e-05,0.105215,0.648873,0.0,8.0,3.4,78.0,192.4,100,1279683782
55644,1982,2.32142e-05,0.990347,2.60114e-05,0.226215,0.274375,0.7,5.1,7.3,66.2,200.0,51,2.04569e-05,0.976453,2.23543e-05,0.215949,0.417826,0.4,4.6,9.0,74.7,193.1,17,1.82524e-05,1.16526,1.93829e-05,0.164863,0.533306,0.1,7.8,6.3,80.5,191.8,100,1279683782
55646,1984,2.36254e-05,0.990423,2.68457e-05,0.230068,0.270292,0.7,4.3,9.5,71.7,200.2,49,1.96665e-05,0.982769,2.30971e-05,0.169297,0.38628,0.2,4.0,8.9,70.9,188.6,25,1.21051e-05,0.870554,1.71429e-05,0.145414,0.598494,0.1,8.7,4.7,77.5,191.4,100,1279683782
55648,1962,2.32233e-05,0.990723,2.76114e-05,0.209924,0.25211,0.6,4.8,9.8,72.5,199.2,51,2.04889e-05,0.984121,2.42286e-05,0.246481,0.366893,0.5,4.7,9.7,72.7,196.2,24,8.42947e-06,0.83982,1.28457e-05,0.0882903,0.732437,0.0,9.3,4.4,78.1,186.0,100,1279683782
55650,1981,2.37853e-05,0.990463,2.728e-05,0.157439,0.260345,0.2,3.3,10.0,69.5,202.0,51,1.9566e-05,0.980414,2.264e-05,0.284844,0.42107,0.7,4.5,8.7,68.3,194.6,21,1.29457e-05,0.84311,1.47886e-05,0.139897,0.692711,0.0,10.5,5.1,74.8,186.2,100,1279683782
55652,1972,2.35957e-05,0.990339,2.76e-05,0.240471,0.259815,0.2,6.7,6.7,68.9,208.2,50,2.04866e-05,0.980394,2.14629e-05,0.269215,0.433227,0.6,5.3,9.7,71.1,190.4,28,1.13718e-05,0.832746,1.21143e-05,0.0950006,0.754604,0.0,10.0,3.1,73.9,186.1,100,1279683782
55654,1987,2.36391e-05,0.990271,2.73943e-05,0.132618,0.236077,0.1,4.0,7.6,69.4,199.3,47,1.93421e-05,0.981628,2.20114e-05,0.322085,0.421705,0.8,4.3,9.5,68.7,189.8,27,8.54597e-06,0.817938,1.09257e-05,0.0721459,0.792423,0.0,10.7,5.0,75.7,181.8,100,1279683782
55656,1995,2.44797e-05,0.990507,2.65143e-05,0.223391,0.284271,0.8,4.8,7.4,69.1,198.5,46,1.97213e-05,0.981715,2.25371e-05,0.268415,0.403483,0.6,4.1,9.0,71.3,198.4,35,1.23335e-05,0.816027,1.14743e-05,0.0859299,0.749153,0.0,10.5,4.2,74.9,180.5,100,1279683782
55658,1962,2.4169e-05,0.990411,2.65029e-05,0.318529,0.241108,0.8,4.7,7.6,70.7,205.1,48,1.94906e-05,0.982055,2.30971e-05,0.271421,0.380985,0.6,4.6,10.0,69.2,194.8,19,1.14198e-05,0.810622,1.35429e-05,0.0937651,0.693579,0.0,9.2,5.8,76.0,185.5,100,1279683782
55660,2019,2.46579e-05,0.990489,2.65143e-05,0.179524,0.244849,0.5,4.3,7.4,72.0,190.4,53,2.07584e-05,0.961989,2.27314e-05,0.306775,0.414539,0.7,4.6,9.0,69.9,190.7,16,1.07915e-05,0.814926,1.23086e-05,0.0988584,0.745431,0.0,10.4,4.8,76.2,185.4,100,1279683782
55662,2006,2.46556e-05,0.99033,2.71314e-05,0.188051,0.262723,0.6,3.5,8.0,70.4,200.9,48,1.92736e-05,0.960269,2.27771e-05,0.246597,0.423096,0.7,5.4,10.7,69.3,193.6,27,8.81553e-06,0.81094,1.19429e-05,0.077987,0.74721,0.0,10.7,3.9,75.7,183.6,100,1279683782
55664,1969,2.40731e-05,0.990645,2.70743e-05,0.221586,0.274513,0.8,3.3,7.7,71.4,204.4,44,1.94472e-05,0.981021,2.27886e-05,0.253351,0.393391,0.5,4.5,8.9,68.8,192.5,27,9.17876e-06,0.802584,1.09943e-05,0.0843879,0.77542,0.0,10.6,4.2,74.8,181.9,100,1279683782
55666,1977,2.38972e-05,0.990607,2.71543e-05,0.336101,0.255827,0.8,3.8,9.6,70.3,204.8,45,1.8972e-05,0.980895,2.16914e-05,0.323062,0.442331,0.6,5.4,9.0,68.1,198.1,28,8.54597e-06,0.806992,1.13257e-05,0.114216,0.771117,0.0,11.3,3.7,76.6,185.8,100,1279683782
55668,1976,2.46739e-05,0.99067,2.66514e-05,0.296217,0.246821,0.6,4.8,11.1,68.5,198.6,46,1.96642e-05,0.983331,2.25714e-05,0.197723,0.421042,0.4,3.5,8.9,71.2,194.7,23,1.08327e-05,0.806927,1.05486e-05,0.0940003,0.79636,0.0,10.6,4.8,76.2,182.8,100,1279683782
55670,2039,2.47356e-05,0.990585,2.64e-05,0.226637,0.268027,0.5,4.6,9.2,72.0,198.8,48,1.94586e-05,0.981745,2.28457e-05,0.232081,0.406024,0.5,3.5,10.1,70.1,191.4,27,8.61679e-06,0.835751,9.26857e-06,0.0910613,0.814275,0.0,10.8,4.3,73.9,179.8,100,1279683782
55672,1992,2.35728e-05,0.990741,2.624e-05,0.200176,0.270391,0.6,4.3,8.2,72.3,194.1,50,1.83164e-05,0.98176,2.20457e-05,0.238611,0.413503,0.6,3.9,9.7,69.7,194.4,24,8.13707e-06,0.879763,9.52e-06,0.0733956,0.811126,0.0,9.7,4.8,71.5,178.1,100,1279683782
55674,1986,2.35248e-05,0.990788,2.76343e-05,0.16144,0.255238,0.3,4.4,8.5,71.8,207.8,48,1.89652e-05,0.981195,2.256e-05,0.23802,0.412507,0.5,2.8,8.7,70.2,194.3,21,7.1205e-06,0.827797,8.68571e-06,0.0442093,0.834388,0.0,8.9,5.1,70.8,175.7,100,1279683782
55676,1990,2.43335e-05,0.99072,2.67657e-05,0.201529,0.258435,0.5,5.0,8.8,68.2,199.4,47,1.92553e-05,0.974286,2.17714e-05,0.288368,0.425929,0.6,3.7,8.4,67.8,198.8,17,1.83073e-05,0.829187,1.56343e-05,0.0948291,0.609086,0.1,8.4,4.8,72.1,179.8,100,1279683782
55678,1971,2.40297e-05,0.990525,2.776e-05,0.173347,0.237317,0.3,4.5,8.6,74.8,205.9,52,1.90908e-05,0.982973,2.26171e-05,0.229583,0.412343,0.5,3.4,9.9,70.5,198.6,28,1.03644e-05,0.830315,9.68e-06,0.0769407,0.78091,0.1,9.3,4.7,73.5,173.1,100,1279683782
55680,1991,2.47036e-05,0.990358,2.58743e-05,0.27786,0.278875,0.9,5.5,7.7,66.5,201.2,49,1.92461e-05,0.985371,2.256e-05,0.263535,0.414581,0.7,3.5,7.5,68.4,201.8,25,1.32678e-05,0.831453,1.28457e-05,0.10645,0.702779,0.4,9.9,5.0,71.4,178.9,100,1279683782
55682,1987,2.41394e-05,0.99072,2.744e-05,0.273665,0.256441,0.4,4.7,9.4,69.5,207.7,46,1.92302e-05,0.983922,2.20914e-05,0.274266,0.43815,0.8,3.4,8.6,68.7,195.8,26,1.16299e-05,0.849703,1.22743e-05,0.107785,0.717324,0.4,8.8,4.6,70.6,180.0,100,1279683782
55684,1964,2.39475e-05,0.990532,2.65029e-05,0.219238,0.269365,0.5,4.2,7.7,66.1,199.5,46,1.77978e-05,0.98471,2.16e-05,0.243232,0.446113,0.5,3.5,9.0,66.8,199.1,36,1.13649e-05,0.906047,1.11657e-05,0.0458892,0.749182,0.0,7.2,4.6,63.4,191.1,100,1279683782
55686,1994,2.35111e-05,0.990538,2.64e-05,0.268305,0.286031,0.7,4.0,8.7,69.2,194.9,45,1.88464e-05,0.983468,2.16571e-05,0.218553,0.437596,0.4,3.1,9.9,67.8,196.8,25,6.77556e-06,1.11962,7.23429e-06,0.0259241,0.850924,0.0,8.8,4.5,67.8,172.4,100,1279683782
55688,1987,2.43221e-05,0.990645,2.72343e-05,0.157293,0.247088,0.3,4.7,8.8,71.0,207.3,52,1.87893e-05,0.982353,2.06286e-05,0.253396,0.456007,0.6,4.1,8.9,69.4,193.4,24,6.16334e-06,0.839699,8.18286e-06,0.0285236,0.821715,0.0,8.6,3.9,68.0,170.0,100,1279683782
55690,1962,2.41165e-05,0.990841,2.72571e-05,0.255062,0.255589,0.4,3.9,8.1,67.7,200.3,51,1.72473e-05,0.979831,1.90286e-05,0.210893,0.511342,0.5,2.5,9.7,67.5,192.1,29,7.40605e-06,1.075,7.84e-06,0.0275217,0.837842,0.0,9.3,4.6,69.9,167.2,100,1279683782
55692,1959,2.38744e-05,0.990737,2.62514e-05,0.250169,0.254807,1.0,5.5,8.1,65.3,196.9,53,1.73684e-05,0.984088,1.99771e-05,0.246416,0.494522,0.5,3.4,9.7,68.8,191.8,24,5.39806e-06,1.13424,7.37143e-06,0.0231842,0.84182,0.0,9.6,4.5,68.3,166.1,100,1279683782
55694,1932,2.37944e-05,0.990663,2.63657e-05,0.133584,0.263781,0.1,4.1,8.4,66.2,200.8,53,1.8458e-05,0.981933,2.048e-05,0.163559,0.506696,0.2,3.5,10.3,67.5,195.2,19,7.16391e-06,1.10328,7.70286e-06,0.0295729,0.84195,0.0,9.2,4.3,70.0,168.8,100,1279683782
55696,1984,2.46008e-05,0.990633,2.70629e-05,0.170076,0.251117,0.4,4.6,9.2,66.6,208.5,52,1.71399e-05,0.983154,2.02286e-05,0.161599,0.497748,0.3,3.7,8.9,68.3,193.2,27,7.66419e-06,0.889993,8.42286e-06,0.0368507,0.828623,0.0,8.8,4.0,68.6,171.9,100,1279683782
55698,1997,2.43998e-05,0.990671,2.75771e-05,0.173985,0.237492,0.3,4.0,9.7,72.0,202.3,48,1.8771e-05,0.984727,2.11771e-05,0.302473,0.496535,0.8,4.2,8.5,66.4,198.6,18,6.16105e-06,1.16116,7.08571e-06,0.0195175,0.856392,0.0,9.5,4.0,68.3,169.7,100,1279683782
55700,1967,2.38629e-05,0.990368,2.60457e-05,0.128593,0.274796,0.3,3.9,6.8,69.3,196.6,51,1.83507e-05,0.984592,2.144e-05,0.209819,0.456962,0.5,2.9,9.7,67.6,197.0,21,6.13592e-06,0.882964,7.61143e-06,0.0276245,0.851905,0.0,9.2,4.3,71.5,172.9,100,1279683782
55702,1950,2.43084e-05,0.990583,2.68e-05,0.191761,0.253476,0.4,4.6,9.5,73.4,203.5,48,1.8739e-05,0.986708,2.06743e-05,0.201835,0.482386,0.4,3.1,9.9,66.1,194.0,26,5.51913e-06,1.1259,8.20571e-06,0.0267657,0.848253,0.0,9.8,4.2,71.3,170.4,100,1279683782
