Year,popSizeP1,PiP1,FitnessP1,meanHetP1,BP1,FROHP1,avgvStrDelP1,avgStrDelP1,avgModDelP1,avgWkDelP1,avgNeutP1,popSizeP2,PiP2,FitnessP2,meanHetP2,BP2,FROHP2,avgvStrDelP2,avgStrDelP2,avgModDelP2,avgWkDelP2,avgNeutP2,popSizeP3,PiP3,FitnessP3,meanHetP3,BP3,FROHP3,avgvStrDelP3,avgStrDelP3,avgModDelP3,avgWkDelP3,avgNeutP3, KCrater,Seed
55566,1964,2.41713e-05,0.989518,2.66057e-05,0.123749,0.282915,0.0,4.2,7.2,76.2,195.5,109,1.97122e-05,0.986778,2.42971e-05,0.156182,0.354845,0.4,3.9,7.6,73.8,208.2,10,2.44866e-05,0.990502,2.72343e-05,0.160837,0.273922,0.2,4.9,9.9,70.8,202.7,100,1492193902
55568,1907,2.49709e-05,0.989347,2.68914e-05,0.186522,0.236462,0.2,5.7,8.8,71.9,204.0,117,2.1245e-05,0.986237,2.30057e-05,0.122813,0.383243,0.2,3.7,8.1,75.3,201.4,26,1.84512e-05,0.870879,2.50286e-05,0.112906,0.327864,0.0,4.3,8.6,75.0,200.5,100,1492193902
55570,1959,2.41279e-05,0.989215,2.67886e-05,0.18586,0.260376,0.0,6.7,8.1,71.9,204.5,119,1.97122e-05,0.98492,2.30171e-05,0.114644,0.365269,0.1,4.3,6.9,72.7,203.5,24,2.13866e-05,0.864129,2.18629e-05,0.129188,0.448538,0.1,4.9,9.6,75.5,202.4,100,1492193902
55572,1982,2.35111e-05,0.988869,2.72686e-05,0.196483,0.264023,0.3,5.3,9.4,72.3,205.4,116,2.08338e-05,0.98465,2.31429e-05,0.148654,0.396388,0.3,5.1,6.1,76.3,201.0,29,1.86065e-05,0.928125,2.216e-05,0.12667,0.44247,0.0,5.5,9.4,78.9,211.4,100,1492193902
55574,1963,2.39954e-05,0.989046,2.69029e-05,0.177541,0.24099,0.1,6.0,9.4,74.8,197.3,105,1.88441e-05,0.98554,2.34629e-05,0.171653,0.363181,0.4,4.9,7.3,72.9,204.5,23,1.98127e-05,1.23733,2.39771e-05,0.131726,0.363384,0.2,4.7,10.9,69.6,210.1,100,1492193902
55576,1974,2.41759e-05,0.989059,2.67314e-05,0.303263,0.281947,0.7,4.6,9.6,71.3,199.5,112,2.05848e-05,0.986276,2.344e-05,0.135674,0.349103,0.1,3.7,8.6,71.6,203.1,30,1.75648e-05,0.926033,2.14629e-05,0.130327,0.428778,0.3,4.0,14.0,67.8,217.1,100,1492193902
55578,1989,2.44318e-05,0.989072,2.66171e-05,0.421095,0.279522,0.9,6.2,8.5,73.8,197.3,124,1.96276e-05,0.98638,2.30514e-05,0.100038,0.359287,0.1,3.3,7.9,72.0,205.3,26,1.81611e-05,0.891172,2.168e-05,0.17482,0.42041,0.7,4.4,13.0,68.1,200.3,100,1492193902
55580,1976,2.37533e-05,0.988869,2.65143e-05,0.353568,0.255166,0.6,6.8,9.1,70.1,195.8,122,2.01576e-05,0.985796,2.13371e-05,0.113986,0.451298,0.2,3.4,7.4,73.1,196.6,29,1.74826e-05,0.937539,1.99314e-05,0.138139,0.485114,0.4,3.3,13.3,70.9,206.1,100,1492193902
55582,1969,2.48064e-05,0.989048,2.70057e-05,0.23661,0.274723,0.4,6.2,7.5,73.6,196.2,46,1.97145e-05,0.983376,2.20914e-05,0.115085,0.407647,0.1,4.2,7.7,70.8,204.9,25,1.67493e-05,0.908008,1.61029e-05,0.140863,0.570956,0.8,4.7,14.7,73.7,214.7,100,1492193902
55584,1963,2.47036e-05,0.98919,2.70629e-05,0.186402,0.243614,0.3,5.6,9.7,66.9,202.9,52,2.0811e-05,0.982732,2.33714e-05,0.107116,0.387394,0.0,4.0,8.1,72.7,212.3,29,1.69663e-05,0.914705,1.84914e-05,0.141209,0.521368,0.7,4.4,13.0,70.7,211.9,100,1492193902
55586,1975,2.35454e-05,0.989089,2.67543e-05,0.222409,0.263118,0.3,6.0,8.3,72.7,193.6,53,1.9438e-05,0.981629,2.328e-05,0.126894,0.390878,0.2,4.0,7.9,74.4,206.3,27,1.52279e-05,0.931426,1.91314e-05,0.176432,0.521548,0.9,4.9,11.8,71.2,214.6,100,1492193902
55588,1955,2.44318e-05,0.988968,2.66057e-05,0.202352,0.258995,0.3,5.6,8.4,69.4,197.7,43,2.03541e-05,0.980756,2.30286e-05,0.105882,0.356788,0.2,3.2,7.2,70.2,208.1,23,1.51091e-05,0.877972,1.76914e-05,0.158011,0.544765,1.3,5.4,13.8,67.4,209.9,100,1492193902
55590,1956,2.47105e-05,0.989048,2.64686e-05,0.202971,0.287591,0.5,5.5,8.6,70.4,191.4,43,1.98675e-05,0.981678,2.24343e-05,0.122197,0.401836,0.2,4.8,8.4,72.2,205.1,18,1.41999e-05,0.831444,1.82857e-05,0.129696,0.550164,1.1,5.9,14.3,71.2,213.0,100,1492193902
55592,1989,2.47836e-05,0.988953,2.72e-05,0.213688,0.253604,0.5,6.5,8.7,71.4,201.3,44,2.03153e-05,0.983631,2.13829e-05,0.145824,0.422209,0.2,5.0,7.6,75.9,202.8,22,1.68864e-05,0.83369,1.96571e-05,0.106496,0.495044,0.6,5.3,13.5,70.1,214.0,100,1492193902
55594,1968,2.29446e-05,0.988791,2.67086e-05,0.207686,0.260056,0.3,5.9,8.8,74.4,196.6,54,2.31159e-05,0.984836,2.37943e-05,0.119045,0.352389,0.2,3.9,7.2,71.0,213.0,25,1.7574e-05,0.867984,2.07429e-05,0.157292,0.466815,0.9,5.3,13.7,69.8,220.9,100,1492193902
55596,1967,2.42696e-05,0.98872,2.60114e-05,0.270254,0.29842,0.2,4.8,8.5,72.6,196.4,51,2.17887e-05,0.987165,2.35086e-05,0.134838,0.358625,0.2,4.3,7.1,74.7,207.6,24,1.39098e-05,1.16348,1.73829e-05,0.197878,0.566645,1.0,5.7,13.0,67.6,215.4,100,1492193902
55598,1970,2.4064e-05,0.988812,2.66171e-05,0.266035,0.270925,0.6,6.1,8.7,72.4,202.0,47,1.90017e-05,0.989744,2.24457e-05,0.14602,0.383264,0.2,3.5,7.5,74.2,211.1,28,1.28612e-05,0.911638,1.528e-05,0.142319,0.648101,0.5,6.7,13.4,71.6,216.3,100,1492193902
55600,2003,2.40571e-05,0.989185,2.69029e-05,0.193621,0.272177,0.4,5.4,9.1,69.0,198.8,49,2.14963e-05,0.990309,2.39086e-05,0.163081,0.359178,0.3,3.8,7.3,75.3,207.7,29,1.25254e-05,0.820337,1.37143e-05,0.104131,0.680109,0.9,7.6,13.9,69.9,218.4,100,1492193902
55602,1955,2.41531e-05,0.989125,2.67314e-05,0.339891,0.290138,0.6,6.0,11.0,76.3,198.0,50,2.22456e-05,0.990556,2.4e-05,0.16076,0.344731,0.3,4.3,7.2,76.6,207.0,26,1.11959e-05,0.787182,1.20914e-05,0.134831,0.706835,0.8,6.8,13.6,70.3,214.9,100,1492193902
