Year,popSizeP1,PiP1,FitnessP1,meanHetP1,BP1,FROHP1,avgvStrDelP1,avgStrDelP1,avgModDelP1,avgWkDelP1,avgNeutP1,popSizeP2,PiP2,FitnessP2,meanHetP2,BP2,FROHP2,avgvStrDelP2,avgStrDelP2,avgModDelP2,avgWkDelP2,avgNeutP2,popSizeP3,PiP3,FitnessP3,meanHetP3,BP3,FROHP3,avgvStrDelP3,avgStrDelP3,avgModDelP3,avgWkDelP3,avgNeutP3, KCrater,Seed
55604,1948,2.45643e-05,0.988493,2.63429e-05,0.300233,0.275892,0.5,5.4,9.4,75.5,200.9,38,1.71628e-05,0.982701,2.22971e-05,0.1641,0.405445,0.0,6.7,10.5,66.4,196.5,24,6.66591e-06,1.239,8.25143e-06,0.0470499,0.813493,0.0,3.2,12.9,87.8,200.1,100,1686254184
55606,1945,2.44843e-05,0.98876,2.68229e-05,0.297404,0.277945,0.7,5.7,8.4,72.6,201.9,41,1.89674e-05,0.983354,2.22514e-05,0.166887,0.426616,0.1,5.9,10.5,66.4,192.7,30,5.84123e-06,1.16308,6.99429e-06,0.0446001,0.840844,0.0,2.7,13.5,88.8,199.0,100,1686254184
55608,2019,2.52816e-05,0.988658,2.78514e-05,0.482141,0.266545,0.8,5.1,9.4,77.0,201.3,51,1.85997e-05,0.984323,2.12686e-05,0.108303,0.450483,0.1,5.3,9.6,64.5,193.6,29,5.98744e-06,1.14408,6.68571e-06,0.0497825,0.8507,0.0,3.6,14.8,87.5,200.4,100,1686254184
55610,1934,2.3687e-05,0.988693,2.736e-05,0.16006,0.258863,0.2,5.4,10.2,73.5,195.6,49,1.87299e-05,0.982275,2.13943e-05,0.150415,0.444834,0.0,5.6,9.3,66.9,197.6,16,5.88921e-06,1.15385,6.96e-06,0.0629766,0.856885,0.0,3.9,14.3,86.9,205.8,100,1686254184
55612,2012,2.38058e-05,0.988438,2.72229e-05,0.216939,0.275699,0.3,5.7,11.8,70.1,199.6,42,1.78618e-05,0.98313,2.02743e-05,0.135243,0.467454,0.0,5.1,8.8,65.4,196.6,32,6.25243e-06,0.935171,7.69143e-06,0.0390888,0.84655,0.0,1.6,14.9,85.3,200.2,100,1686254184
55614,1990,2.49777e-05,0.98865,2.76914e-05,0.204145,0.26758,0.5,4.7,10.6,76.3,200.6,47,1.96962e-05,0.982232,1.99429e-05,0.145293,0.50897,0.0,5.6,10.3,67.2,195.1,22,5.57624e-06,0.868372,6.49143e-06,0.0280912,0.878644,0.0,1.4,14.0,88.8,199.4,100,1686254184
55616,1980,2.43335e-05,0.988558,2.71429e-05,0.263853,0.2721,0.4,4.3,10.4,72.1,199.3,51,1.81725e-05,0.982375,2.21829e-05,0.197057,0.436255,0.2,5.9,11.1,65.3,196.0,33,4.29926e-06,0.837443,5.28e-06,0.019268,0.905141,0.0,1.4,13.6,87.3,202.8,100,1686254184
55618,1998,2.43518e-05,0.988504,2.69943e-05,0.22561,0.276797,0.2,4.7,10.1,76.6,200.0,54,1.81176e-05,0.980736,2.01486e-05,0.134915,0.484286,0.0,5.5,9.6,65.2,193.5,19,3.82182e-06,0.863571,5.46286e-06,0.0302338,0.904859,0.0,2.0,14.5,86.4,207.7,100,1686254184
55620,1987,2.40297e-05,0.988795,2.75086e-05,0.183778,0.257853,0.2,5.8,10.9,71.5,201.4,49,1.71491e-05,0.982402,2.03543e-05,0.130301,0.482037,0.0,5.2,9.1,67.0,195.4,30,4.1028e-06,0.877592,4.52571e-06,0.0272493,0.925556,0.0,1.4,14.2,87.2,208.2,100,1686254184
55622,2007,2.42444e-05,0.989129,2.74171e-05,0.206897,0.259479,0.4,4.6,12.6,73.1,203.4,48,1.78983e-05,0.980926,2.07429e-05,0.149443,0.441091,0.0,6.1,8.9,68.8,192.2,27,4.03427e-06,0.876955,5.54286e-06,0.0176714,0.906669,0.0,1.0,14.7,85.5,204.7,100,1686254184
55624,1998,2.34769e-05,0.989002,2.64571e-05,0.391983,0.286477,0.4,5.5,9.3,75.3,199.9,49,1.88121e-05,0.979065,1.92686e-05,0.113354,0.526408,0.0,5.3,9.2,66.5,192.1,33,2.81896e-06,0.930255,3.25714e-06,0.0261286,0.945262,0.0,0.9,15.3,86.8,210.0,100,1686254184
55626,2003,2.37236e-05,0.989007,2.66514e-05,0.198809,0.286638,0.5,4.3,9.3,71.4,200.8,49,1.69206e-05,0.978935,2.08e-05,0.125872,0.467981,0.0,5.0,9.0,66.0,196.1,27,2.63621e-06,0.892976,3.46286e-06,0.00609773,0.947104,0.0,0.0,14.3,86.9,206.4,100,1686254184
55628,1963,2.37876e-05,0.989082,2.688e-05,0.277966,0.26262,0.5,5.6,10.3,73.0,198.8,50,1.75214e-05,0.978466,2.05371e-05,0.132362,0.481173,0.0,4.4,9.6,65.3,195.9,22,2.52884e-06,0.871016,2.57143e-06,0.00428325,0.96737,0.0,0.0,14.5,88.2,206.3,100,1686254184
55630,1999,2.40274e-05,0.988684,2.67086e-05,0.470253,0.258795,0.7,5.1,9.4,75.1,198.2,50,1.76653e-05,0.975423,1.96914e-05,0.14202,0.498993,0.0,5.5,10.3,66.2,195.8,16,2.33923e-06,0.853588,3.08571e-06,0.00559854,0.957307,0.0,0.0,13.6,87.5,207.1,100,1686254184
55632,1955,2.4683e-05,0.988784,2.67429e-05,0.188639,0.287384,0.3,4.1,12.5,76.9,201.4,46,1.66328e-05,0.974493,2.08e-05,0.125771,0.458306,0.0,4.7,9.6,67.9,199.5,23,2.47402e-06,0.84626,2.64e-06,0.0047996,0.956356,0.0,0.0,14.2,87.2,207.8,100,1686254184
55634,1934,2.3783e-05,0.989175,2.58971e-05,0.176298,0.297068,0.2,5.7,7.9,71.9,193.0,53,1.71011e-05,0.971674,1.89257e-05,0.102698,0.502658,0.0,5.4,8.4,67.7,196.4,31,2.30497e-06,0.84556,2.82286e-06,0.00679309,0.962441,0.0,0.0,13.2,88.0,209.5,100,1686254184
55636,1968,2.44066e-05,0.989159,2.74057e-05,0.19782,0.277429,0.2,5.5,11.1,73.5,195.8,52,1.51456e-05,0.971674,1.87314e-05,0.115262,0.532978,0.0,5.8,10.7,65.2,194.2,24,1.01816e-05,0.849218,1.0e-05,0.0292884,0.749071,0.0,0.8,13.2,86.2,206.4,100,1686254184
55638,1982,2.41325e-05,0.989021,2.72686e-05,0.275317,0.255716,0.8,6.7,11.1,71.8,201.0,47,1.66533e-05,0.972054,2.09143e-05,0.118402,0.463885,0.0,4.8,9.7,67.2,193.2,19,1.23769e-05,0.853607,1.07543e-05,0.0299854,0.737365,0.0,0.7,13.2,83.9,205.3,100,1686254184
55640,1996,2.44912e-05,0.989372,2.73714e-05,0.328558,0.261532,0.7,5.1,12.0,74.4,203.1,47,1.74734e-05,0.97225,1.88229e-05,0.145018,0.540958,0.0,5.4,10.2,64.9,192.8,35,1.05243e-05,0.854712,1.12457e-05,0.0351516,0.728929,0.0,0.9,12.0,81.3,205.0,100,1686254184
55642,1975,2.5197e-05,0.988928,2.72914e-05,0.153947,0.264566,0.2,5.1,10.0,76.4,199.2,47,1.74163e-05,0.976301,1.88114e-05,0.126304,0.546471,0.0,4.5,11.5,67.0,195.2,23,9.65391e-06,0.87749,9.18857e-06,0.116075,0.782922,0.1,0.2,10.9,82.2,208.2,100,1686254184
55644,1949,2.44957e-05,0.988712,2.728e-05,0.351218,0.291379,0.8,5.5,10.6,72.9,206.1,53,1.61325e-05,0.979353,1.85829e-05,0.113577,0.51796,0.0,3.9,10.2,69.3,195.4,26,9.24957e-06,0.848301,9.81714e-06,0.228097,0.755946,0.2,0.7,12.0,83.5,205.7,100,1686254184
55646,1977,2.32279e-05,0.989122,2.768e-05,0.263162,0.263983,0.8,5.7,10.1,73.2,206.9,48,1.64318e-05,0.98156,2.04229e-05,0.124249,0.470939,0.0,4.2,12.4,68.1,194.5,19,8.18504e-06,0.85057,1.01143e-05,0.131404,0.763824,0.1,0.5,12.2,83.2,203.6,100,1686254184
55648,1967,2.36162e-05,0.989135,2.73257e-05,0.272615,0.260241,0.7,5.7,11.0,73.8,202.1,45,1.81816e-05,0.979985,1.99771e-05,0.123633,0.491537,0.0,4.0,12.3,66.6,193.7,33,7.70074e-06,0.85206,8.99429e-06,0.0356986,0.787694,0.0,1.0,13.0,83.8,204.8,100,1686254184
55650,1972,2.40777e-05,0.98923,2.67086e-05,0.166412,0.255875,0.2,4.9,10.6,70.5,199.9,51,1.58698e-05,0.979511,2.016e-05,0.140453,0.486126,0.0,4.8,10.9,69.1,194.3,27,6.04683e-06,0.861931,8.74286e-06,0.0456691,0.789199,0.0,1.1,11.6,83.5,206.8,100,1686254184
55652,1977,2.43267e-05,0.989175,2.64457e-05,0.200819,0.269932,0.4,5.3,10.7,71.7,199.0,51,1.88235e-05,0.981049,2.14629e-05,0.165426,0.456048,0.0,4.7,9.8,69.1,193.1,28,6.6088e-06,0.855251,7.68e-06,0.048603,0.819876,0.0,1.0,10.7,84.2,210.1,100,1686254184
55654,1989,2.39589e-05,0.989224,2.70743e-05,0.234703,0.284228,0.7,4.8,10.0,75.5,189.6,51,1.78846e-05,0.980446,2.112e-05,0.127757,0.454512,0.0,3.6,12.2,69.4,194.3,27,6.04455e-06,0.844439,7.00571e-06,0.0332321,0.827636,0.0,0.6,10.6,83.4,208.1,100,1686254184
55656,1991,2.43678e-05,0.989308,2.75314e-05,0.279211,0.276595,0.3,5.4,11.2,72.8,200.5,50,1.89697e-05,0.980386,1.95543e-05,0.148333,0.507299,0.0,3.8,11.7,73.7,191.5,28,9.29755e-06,0.847178,1.016e-05,0.0582698,0.756279,0.0,1.3,10.8,83.7,206.8,100,1686254184
55658,1961,2.45597e-05,0.98919,2.62857e-05,0.24603,0.261425,0.2,4.7,9.6,67.6,204.4,52,1.61005e-05,0.980866,1.97829e-05,0.126379,0.489572,0.0,4.0,11.2,71.1,188.5,23,9.58767e-06,0.849174,6.48e-06,0.0352601,0.859931,0.0,1.1,11.3,85.0,207.4,100,1686254184
55660,1977,2.46396e-05,0.989186,2.77829e-05,0.210042,0.282368,0.2,6.1,11.9,75.3,201.5,49,1.66625e-05,0.980317,1.98857e-05,0.0910617,0.489289,0.0,3.1,10.3,70.3,191.4,24,1.06453e-05,0.850454,9.38286e-06,0.0452691,0.795887,0.0,1.2,11.9,85.2,204.7,100,1686254184
55662,1949,2.52267e-05,0.98933,2.67314e-05,0.246979,0.281484,0.8,5.8,9.6,76.4,195.0,53,1.67995e-05,0.978857,2.18057e-05,0.141872,0.441158,0.0,4.2,11.0,71.1,196.7,30,9.33638e-06,0.855421,8.67429e-06,0.0634513,0.788598,0.0,1.7,11.2,84.6,206.5,100,1686254184
55664,1970,2.46488e-05,0.988804,2.71314e-05,0.23417,0.280751,0.6,5.5,10.8,74.8,202.8,56,1.75328e-05,0.978654,2.02629e-05,0.0904523,0.478983,0.0,3.0,10.4,72.8,191.3,25,9.20617e-06,0.849963,1.072e-05,0.062024,0.762197,0.0,1.6,10.3,85.2,205.0,100,1686254184
55666,1949,2.42422e-05,0.988461,2.71543e-05,0.320956,0.28114,0.5,5.5,10.8,71.8,203.8,52,1.71513e-05,0.978637,1.83771e-05,0.128595,0.537774,0.0,3.4,15.5,73.6,188.8,25,7.92462e-06,0.851129,9.61143e-06,0.0550068,0.770852,0.0,1.3,8.8,85.1,203.2,100,1686254184
55668,1978,2.36596e-05,0.988336,2.72229e-05,0.34653,0.277501,0.8,6.0,10.2,71.9,201.5,53,1.69206e-05,0.978235,1.90743e-05,0.0993084,0.509426,0.0,3.3,13.2,69.9,186.2,20,8.90691e-06,0.85563,9.49714e-06,0.0602885,0.775682,0.0,2.1,8.2,82.3,197.7,100,1686254184
55670,2012,2.49229e-05,0.988385,2.65029e-05,0.267139,0.300662,0.8,6.2,9.6,74.1,205.5,45,1.68612e-05,0.978888,1.87886e-05,0.144588,0.531117,0.0,4.8,13.6,72.2,191.6,21,9.35694e-06,0.854372,1.00686e-05,0.065289,0.7619,0.0,2.4,8.1,83.5,203.0,100,1686254184
55672,1973,2.45551e-05,0.988512,2.62857e-05,0.357247,0.289707,0.4,4.4,9.8,77.2,193.4,49,1.75009e-05,0.980157,1.89486e-05,0.143461,0.524587,0.0,4.1,12.6,72.0,192.0,25,8.1028e-06,0.858664,8.86857e-06,0.06398,0.802291,0.0,2.5,7.6,85.3,201.1,100,1686254184
55674,1963,2.47379e-05,0.98879,2.70057e-05,0.22804,0.257349,0.4,6.5,9.9,75.5,198.0,49,1.67607e-05,0.980819,1.97943e-05,0.15002,0.467648,0.0,4.2,12.4,69.6,188.2,28,7.24386e-06,0.863913,8.38857e-06,0.0647298,0.814338,0.0,2.4,7.1,82.4,207.8,100,1686254184
55676,1974,2.39292e-05,0.988713,2.78857e-05,0.302631,0.249343,0.4,5.5,10.6,76.3,203.0,48,1.71559e-05,0.979575,1.88571e-05,0.109974,0.524146,0.0,3.4,12.9,70.9,189.0,33,1.44375e-05,0.869238,2.06057e-05,0.133334,0.476452,0.1,4.0,9.8,80.3,203.2,100,1686254184
55678,1994,2.41668e-05,0.988843,2.64457e-05,0.40039,0.303522,0.8,5.8,8.5,70.6,193.9,52,1.57693e-05,0.980609,1.73029e-05,0.087053,0.554416,0.0,2.7,11.0,71.3,191.7,19,1.28658e-05,0.870128,1.34286e-05,0.118514,0.675115,0.0,3.8,9.8,79.1,207.4,100,1686254184
55680,1965,2.46396e-05,0.988757,2.736e-05,0.319615,0.24727,0.3,6.0,11.4,73.2,193.8,48,1.68772e-05,0.978936,1.72114e-05,0.0975516,0.568104,0.0,3.4,12.0,71.2,193.2,16,1.17076e-05,0.858164,1.38857e-05,0.0816792,0.650068,0.0,2.5,8.8,79.8,206.4,100,1686254184
55682,1956,2.41439e-05,0.988864,2.72343e-05,0.330419,0.257081,0.6,5.2,11.1,73.3,199.2,46,1.65894e-05,0.978936,1.88571e-05,0.122288,0.517518,0.0,3.9,11.8,72.9,190.1,20,1.32062e-05,0.883495,1.36686e-05,0.0671935,0.67837,0.0,1.6,10.2,79.7,205.7,100,1686254184
55684,2011,2.37647e-05,0.988784,2.62629e-05,0.185051,0.270319,0.2,4.7,8.5,74.0,194.4,48,1.72793e-05,0.977431,1.85943e-05,0.101435,0.515112,0.0,3.7,11.5,69.1,187.6,27,1.11274e-05,0.887089,1.09486e-05,0.07412,0.743819,0.0,1.8,9.3,78.1,208.7,100,1686254184
55686,1963,2.41485e-05,0.988707,2.75657e-05,0.285354,0.252799,0.3,5.8,12.1,72.7,199.2,48,1.64546e-05,0.979348,1.88686e-05,0.121734,0.534109,0.0,3.9,11.2,70.1,188.0,23,9.48944e-06,0.897371,1.37143e-05,0.0914557,0.698239,0.0,2.9,8.5,78.8,207.4,100,1686254184
55688,1970,2.3671e-05,0.989079,2.65486e-05,0.243015,0.287081,0.7,5.9,11.0,74.0,193.5,50,1.59086e-05,0.979193,1.84e-05,0.110734,0.536389,0.0,4.0,12.9,70.9,183.6,26,8.75842e-06,0.85099,1.064e-05,0.0697223,0.77497,0.0,2.3,8.5,79.9,208.9,100,1686254184
55690,1945,2.50577e-05,0.989183,2.68229e-05,0.56446,0.278099,0.7,5.6,11.5,73.3,195.0,44,1.63358e-05,0.980796,1.848e-05,0.113717,0.533412,0.0,3.8,11.9,74.0,189.6,29,8.55968e-06,0.849753,8.54857e-06,0.0573309,0.810565,0.0,2.5,10.3,80.7,206.6,100,1686254184
55692,1958,2.39018e-05,0.988758,2.78171e-05,0.205439,0.258752,0.4,5.4,9.8,75.2,200.8,46,1.61942e-05,0.977604,1.80457e-05,0.121833,0.538395,0.0,3.8,12.1,74.0,189.4,33,8.06625e-06,0.847624,9.81714e-06,0.0571565,0.78926,0.0,2.4,11.4,83.2,204.1,100,1686254184
55694,2012,2.37236e-05,0.988482,2.76686e-05,0.222999,0.281188,0.4,4.8,11.7,72.2,197.8,49,1.61165e-05,0.977957,1.82171e-05,0.117755,0.542552,0.0,3.6,12.5,73.7,189.9,24,7.94974e-06,0.848845,8.35429e-06,0.0502665,0.826291,0.0,1.9,10.9,80.6,206.6,100,1686254184
55696,1963,2.42581e-05,0.988412,2.63657e-05,0.230086,0.277942,0.7,6.2,8.1,76.1,191.6,48,1.63975e-05,0.977518,1.81143e-05,0.0939422,0.53821,0.0,3.5,13.3,74.7,186.5,31,8.25814e-06,0.850719,9.73714e-06,0.0566174,0.796548,0.0,2.2,10.9,80.0,208.7,100,1686254184
55698,2000,2.4048e-05,0.988741,2.66514e-05,0.273026,0.304487,0.8,5.0,10.7,73.2,197.8,48,1.58561e-05,0.97793,1.78057e-05,0.11163,0.553122,0.0,4.4,13.5,70.9,185.6,26,7.0337e-06,0.845948,7.82857e-06,0.0646124,0.836555,0.0,2.0,10.9,79.2,209.6,100,1686254184
55700,1985,2.36345e-05,0.988752,2.62286e-05,0.130931,0.287737,0.2,3.7,10.1,73.8,200.6,47,1.58081e-05,0.977665,1.78171e-05,0.104436,0.529247,0.0,3.8,12.9,72.7,185.7,21,6.19989e-06,0.843971,7.72571e-06,0.0449391,0.839636,0.0,2.3,11.3,77.6,208.1,100,1686254184
55702,1942,2.36893e-05,0.988771,2.65829e-05,0.232589,0.273404,0.6,6.1,10.0,74.9,199.0,47,1.57693e-05,0.975667,1.78286e-05,0.102897,0.543384,0.0,3.3,11.4,73.9,191.0,26,6.77327e-06,0.860584,7.32571e-06,0.0669621,0.856357,0.0,2.8,11.5,77.6,209.3,100,1686254184
