Year,popSizeP1,PiP1,FitnessP1,meanHetP1,BP1,FROHP1,avgvStrDelP1,avgStrDelP1,avgModDelP1,avgWkDelP1,avgNeutP1,KCrater,Seed
54000,4938,2.52382e-05,0.990485,2.85943e-05,0.179463,0.256483,0.2,4.8,11.5,71.4,218.8,100,1725507501
54002,4877,2.60445e-05,0.990482,2.808e-05,0.214242,0.254387,0.5,4.5,11.2,69.4,212.2,100,1725507501
54004,4976,2.51216e-05,0.990408,2.80343e-05,0.190989,0.240105,0.3,4.6,8.9,69.2,220.1,100,1725507501
54006,4900,2.65129e-05,0.990482,2.744e-05,0.259569,0.255302,0.6,5.4,9.6,66.7,222.9,100,1725507501
54008,4990,2.61839e-05,0.990416,2.91771e-05,0.185443,0.212148,0.2,5.4,10.0,69.9,222.4,100,1725507501
54010,4945,2.50485e-05,0.990383,2.864e-05,0.19821,0.226313,0.1,5.3,12.3,67.5,221.8,100,1725507501
54012,4957,2.5494e-05,0.990387,2.80114e-05,0.254991,0.230824,0.8,5.0,9.3,68.4,225.2,100,1725507501
54014,4960,2.60057e-05,0.990434,2.75886e-05,0.182252,0.2472,0.4,3.7,10.0,66.2,222.4,100,1725507501
54016,4985,2.57042e-05,0.990502,2.768e-05,0.174497,0.244708,0.3,4.2,10.6,66.5,221.7,100,1725507501
54018,4931,2.52016e-05,0.99059,2.85943e-05,0.235845,0.232553,0.6,4.7,12.1,68.7,219.8,100,1725507501
54020,4970,2.59829e-05,0.990595,2.76e-05,0.213469,0.222632,0.2,4.9,10.2,68.6,218.6,100,1725507501
54022,4906,2.58572e-05,0.990613,2.808e-05,0.293492,0.235335,0.3,4.8,9.8,68.0,227.3,100,1725507501
54024,5009,2.59166e-05,0.99048,2.85143e-05,0.245452,0.224494,0.7,4.9,9.8,71.9,220.1,100,1725507501
54026,4964,2.61314e-05,0.990567,2.81143e-05,0.169987,0.227168,0.2,4.2,10.2,67.3,221.1,100,1725507501
54028,4996,2.48064e-05,0.990622,2.78629e-05,0.2398,0.259416,0.6,5.0,9.9,65.1,224.2,100,1725507501
54030,4892,2.66362e-05,0.9906,2.77143e-05,0.181299,0.240273,0.4,4.1,10.3,68.1,218.4,100,1725507501
54032,4936,2.48726e-05,0.990556,2.87314e-05,0.185159,0.239082,0.2,4.2,8.5,67.3,225.1,100,1725507501
54034,4992,2.51194e-05,0.990524,2.73486e-05,0.338606,0.250492,0.8,5.4,9.8,68.2,220.2,100,1725507501
54036,4955,2.53295e-05,0.990427,2.86629e-05,0.241268,0.229677,0.5,5.3,11.6,65.7,228.6,100,1725507501
54038,4927,2.49343e-05,0.990394,2.776e-05,0.308023,0.249444,0.6,4.8,11.5,70.0,219.6,100,1725507501
54040,4972,2.48338e-05,0.990497,2.87886e-05,0.228323,0.256511,0.3,5.3,11.2,66.8,221.1,100,1725507501
54042,4891,2.56745e-05,0.990449,2.77829e-05,0.309055,0.238374,0.4,4.9,7.9,66.7,230.7,100,1725507501
54044,4854,2.55009e-05,0.990413,2.88571e-05,0.254552,0.213218,0.5,5.9,9.4,67.1,222.5,100,1725507501
54046,4982,2.53821e-05,0.990287,2.84e-05,0.216213,0.254265,0.4,4.8,12.7,67.6,223.9,100,1725507501
54048,4919,2.52199e-05,0.990264,2.848e-05,0.211863,0.231705,0.6,3.6,10.0,72.4,223.7,100,1725507501
54050,4875,2.5823e-05,0.990339,2.81371e-05,0.140281,0.221131,0.0,3.6,12.0,66.2,219.5,100,1725507501
54052,4893,2.53524e-05,0.990389,2.84914e-05,0.23818,0.229104,0.6,5.0,10.0,71.2,215.0,100,1725507501
54054,4936,2.61611e-05,0.9904,2.81143e-05,0.176886,0.23567,0.4,4.0,10.6,70.8,218.1,100,1725507501
54056,4984,2.59235e-05,0.990474,2.85257e-05,0.177718,0.224318,0.2,4.6,10.9,67.9,226.3,100,1725507501
54058,4921,2.51399e-05,0.990572,2.84114e-05,0.270435,0.226799,0.7,6.2,9.2,66.2,217.7,100,1725507501
54060,5052,2.47447e-05,0.990611,2.76229e-05,0.176443,0.273978,0.5,3.9,7.7,67.5,225.9,100,1725507501
54062,4971,2.57499e-05,0.990556,2.92571e-05,0.220964,0.214237,0.2,5.6,9.7,70.7,231.1,100,1725507501
54064,4956,2.57955e-05,0.99055,2.91314e-05,0.22508,0.241966,0.8,4.6,11.1,67.2,235.7,100,1725507501
54066,4969,2.54141e-05,0.990528,2.82743e-05,0.215713,0.235671,0.4,5.3,11.3,70.1,217.5,100,1725507501
54068,4970,2.52062e-05,0.990523,2.76343e-05,0.191976,0.263052,0.5,4.7,10.3,63.8,226.7,100,1725507501
54070,4894,2.53044e-05,0.990617,2.82514e-05,0.268386,0.241954,0.6,6.3,10.4,67.5,219.2,100,1725507501
54072,4983,2.59075e-05,0.990662,2.784e-05,0.168593,0.266597,0.0,4.5,12.5,66.7,218.8,100,1725507501
54074,4892,2.58641e-05,0.99064,2.84571e-05,0.231532,0.235226,0.6,4.8,10.0,67.0,222.8,100,1725507501
54076,4947,2.50029e-05,0.990516,2.81371e-05,0.297789,0.234371,0.5,7.2,9.4,65.0,224.2,100,1725507501
54078,4904,2.58961e-05,0.990384,2.87657e-05,0.297064,0.221587,0.3,4.8,10.6,67.8,228.8,100,1725507501
54080,4981,2.55717e-05,0.990495,2.80914e-05,0.161528,0.257112,0.0,3.7,11.0,70.4,217.4,100,1725507501
54082,4970,2.61245e-05,0.990428,2.80343e-05,0.21763,0.231231,0.6,5.5,9.9,67.5,225.4,100,1725507501
54084,5015,2.4715e-05,0.990411,2.79886e-05,0.301829,0.234094,0.4,5.0,10.8,67.2,220.4,100,1725507501
54086,4943,2.54872e-05,0.990489,2.94286e-05,0.209589,0.227277,0.4,5.1,10.6,71.1,225.3,100,1725507501
54088,4945,2.59714e-05,0.990426,2.96343e-05,0.240977,0.220147,0.4,5.2,12.8,71.6,224.6,100,1725507501
54090,4929,2.6225e-05,0.990424,2.832e-05,0.213435,0.211314,0.2,6.7,10.6,67.7,219.9,100,1725507501
54092,4967,2.58252e-05,0.990386,2.83429e-05,0.163384,0.239851,0.4,3.7,9.0,70.9,222.0,100,1725507501
54094,4886,2.47561e-05,0.990415,2.86629e-05,0.273189,0.222773,0.7,6.0,10.0,69.8,219.2,100,1725507501
54096,4915,2.57613e-05,0.990467,2.784e-05,0.215523,0.246012,0.3,3.9,12.2,61.7,223.8,100,1725507501
54098,5018,2.56745e-05,0.99036,2.88114e-05,0.250403,0.210912,0.5,3.1,10.9,71.1,225.4,100,1725507501
54100,4934,2.53455e-05,0.990502,2.85143e-05,0.202631,0.238611,0.4,4.2,11.5,74.1,219.2,100,1725507501
54102,4984,2.56219e-05,0.990485,2.84343e-05,0.178241,0.235692,0.3,4.8,11.8,66.5,223.4,100,1725507501
54104,4926,2.54232e-05,0.990613,2.88e-05,0.183713,0.229948,0.2,5.2,11.4,69.1,228.1,100,1725507501
54106,4997,2.60308e-05,0.990627,2.83086e-05,0.179609,0.211423,0.4,4.3,9.7,69.4,227.6,100,1725507501
54108,4917,2.53478e-05,0.990591,2.73829e-05,0.224306,0.274265,0.4,4.9,11.4,66.6,218.4,100,1725507501
54110,4955,2.5245e-05,0.990515,2.82286e-05,0.432221,0.22584,0.8,5.1,10.9,68.0,224.9,100,1725507501
54112,4907,2.5028e-05,0.990665,2.80114e-05,0.158218,0.227422,0.1,4.1,10.9,67.1,226.4,100,1725507501
54114,4903,2.52267e-05,0.990685,2.81714e-05,0.225667,0.242559,0.3,5.3,11.7,68.2,223.4,100,1725507501
54116,4924,2.49069e-05,0.990634,2.79429e-05,0.284345,0.250784,0.4,4.1,10.1,66.8,225.8,100,1725507501
54118,4992,2.61154e-05,0.990623,2.79771e-05,0.174248,0.240421,0.1,4.6,9.3,65.8,223.2,100,1725507501
54120,5017,2.53295e-05,0.990678,2.81029e-05,0.258592,0.262712,0.2,3.9,11.2,69.2,223.7,100,1725507501
54122,4945,2.53615e-05,0.990717,2.90171e-05,0.195482,0.218666,0.2,4.2,12.8,70.5,227.9,100,1725507501
54124,4933,2.52107e-05,0.99065,2.84457e-05,0.206115,0.241945,0.4,4.9,9.6,69.7,223.0,100,1725507501
54126,4964,2.51376e-05,0.990569,2.89714e-05,0.222005,0.244007,0.2,6.0,12.1,68.3,226.6,100,1725507501
54128,4963,2.53478e-05,0.990609,2.86514e-05,0.207661,0.230394,0.4,5.0,12.5,69.4,220.8,100,1725507501
54130,5015,2.58778e-05,0.990587,2.91086e-05,0.196185,0.232211,0.2,5.4,9.9,72.1,227.8,100,1725507501
54132,4925,2.61611e-05,0.990578,2.80571e-05,0.258603,0.24276,0.6,6.0,9.5,65.7,219.5,100,1725507501
54134,4899,2.48932e-05,0.990505,2.88e-05,0.320865,0.239959,0.5,5.1,9.9,69.5,225.4,100,1725507501
54136,4936,2.62364e-05,0.990651,2.93257e-05,0.17437,0.224539,0.3,4.4,10.1,71.2,220.8,100,1725507501
54138,4937,2.48886e-05,0.990615,2.74057e-05,0.18187,0.253396,0.2,4.5,12.6,67.6,218.9,100,1725507501
54140,4975,2.48041e-05,0.990537,2.78857e-05,0.170354,0.247571,0.3,4.0,10.2,67.9,221.9,100,1725507501
54142,4968,2.44249e-05,0.9906,2.83314e-05,0.18636,0.23423,0.3,4.8,11.1,66.8,223.5,100,1725507501
54144,4992,2.50965e-05,0.99055,2.88686e-05,0.175004,0.224777,0.2,5.4,10.3,71.5,224.1,100,1725507501
54146,4970,2.55877e-05,0.990551,2.77143e-05,0.296576,0.258329,0.5,4.7,9.5,69.4,220.3,100,1725507501
54148,4965,2.5743e-05,0.99046,2.88457e-05,0.176123,0.232502,0.3,5.7,8.2,67.3,236.9,100,1725507501
54150,5026,2.5478e-05,0.99047,2.85829e-05,0.238579,0.259969,0.4,5.7,11.7,70.0,224.1,100,1725507501
54152,4881,2.64055e-05,0.990429,2.76686e-05,0.204251,0.265387,0.4,4.3,10.0,67.5,224.1,100,1725507501
54154,4927,2.52519e-05,0.990418,2.80686e-05,0.199188,0.230791,0.4,4.3,9.5,67.4,220.7,100,1725507501
54156,4956,2.53569e-05,0.99045,2.85029e-05,0.193207,0.231355,0.2,5.1,9.9,69.0,228.2,100,1725507501
54158,4957,2.52975e-05,0.990495,2.81257e-05,0.241033,0.250571,0.5,5.1,11.9,69.3,225.1,100,1725507501
54160,4961,2.57567e-05,0.990399,2.85257e-05,0.264689,0.228408,0.3,5.3,10.2,66.5,223.9,100,1725507501
54162,4925,2.64123e-05,0.990374,2.75886e-05,0.369311,0.239858,0.6,3.9,9.9,61.6,222.2,100,1725507501
54164,4977,2.58801e-05,0.990463,2.84e-05,0.19204,0.226738,0.2,5.6,11.0,65.2,227.3,100,1725507501
54166,4941,2.53021e-05,0.990662,2.85257e-05,0.173179,0.224514,0.3,4.3,9.8,67.6,212.8,100,1725507501
54168,4929,2.54118e-05,0.990633,2.83429e-05,0.32832,0.228281,0.4,5.1,10.4,69.8,225.0,100,1725507501
54170,4957,2.56745e-05,0.990468,2.83543e-05,0.205832,0.227744,0.4,5.0,11.9,67.1,226.9,100,1725507501
54172,5010,2.53158e-05,0.990529,2.83429e-05,0.204304,0.227988,0.3,5.6,7.1,71.2,225.0,100,1725507501
54174,4932,2.65083e-05,0.990537,2.79771e-05,0.162471,0.248221,0.2,4.5,10.9,70.6,223.5,100,1725507501
54176,4928,2.62547e-05,0.990435,2.77371e-05,0.186472,0.253238,0.3,4.5,11.4,68.5,227.0,100,1725507501
54178,4953,2.54575e-05,0.9906,2.89714e-05,0.160453,0.246833,0.2,4.6,11.8,72.3,224.8,100,1725507501
54180,4973,2.59692e-05,0.990494,2.94171e-05,0.162485,0.233099,0.1,5.1,11.2,71.5,225.4,100,1725507501
54182,4962,2.59806e-05,0.990409,2.73143e-05,0.168476,0.250374,0.1,4.9,10.2,64.8,228.4,100,1725507501
54184,4946,2.54894e-05,0.990421,2.85829e-05,0.241722,0.222508,0.2,6.7,9.7,67.4,222.5,100,1725507501
54186,4945,2.54529e-05,0.990425,2.81257e-05,0.212099,0.249782,0.1,6.1,12.4,71.0,222.3,100,1725507501
54188,4961,2.51445e-05,0.990311,2.92e-05,0.394705,0.237026,0.4,6.0,9.5,70.6,224.1,100,1725507501
54190,4915,2.62913e-05,0.990375,2.86629e-05,0.385626,0.239565,0.4,4.8,11.0,67.3,222.7,100,1725507501
54192,4959,2.47447e-05,0.990307,2.89029e-05,0.233398,0.216576,0.1,5.9,11.9,65.7,224.3,100,1725507501
54194,4935,2.53706e-05,0.990353,2.84914e-05,0.241525,0.251371,0.5,6.8,9.4,71.1,227.0,100,1725507501
54196,4962,2.649e-05,0.990332,2.83429e-05,0.257537,0.252377,0.2,5.2,11.0,65.2,224.4,100,1725507501
54198,4928,2.56699e-05,0.990163,2.96343e-05,0.178606,0.245777,0.3,4.6,10.3,69.4,226.7,100,1725507501
54200,5013,2.58093e-05,0.990236,2.88343e-05,0.407997,0.234167,0.4,5.1,10.6,71.6,224.3,100,1725507501
54202,4935,2.61565e-05,0.990326,2.91086e-05,0.286826,0.221234,0.4,4.5,9.5,71.6,226.4,100,1725507501
54204,5020,2.58801e-05,0.99031,2.82743e-05,0.247051,0.234651,0.4,6.3,9.7,70.0,225.3,100,1725507501
54206,4984,2.54003e-05,0.990359,2.888e-05,0.400484,0.247382,0.8,5.8,8.4,70.2,224.9,100,1725507501
54208,4939,2.62273e-05,0.990295,2.70514e-05,0.20323,0.269408,0.2,5.5,9.5,63.3,219.1,100,1725507501
54210,4958,2.58047e-05,0.990344,2.888e-05,0.275815,0.226072,0.3,5.0,11.5,69.5,230.4,100,1725507501
54212,4956,2.66956e-05,0.990389,2.83543e-05,0.176005,0.236658,0.2,4.7,10.8,70.7,223.4,100,1725507501
54214,4942,2.47082e-05,0.990581,2.79543e-05,0.178033,0.242293,0.4,4.4,8.8,68.6,221.3,100,1725507501
54216,4920,2.61154e-05,0.990548,2.86629e-05,0.242501,0.224183,0.6,5.3,10.0,68.4,217.7,100,1725507501
54218,4967,2.60103e-05,0.99042,2.88229e-05,0.261075,0.250299,0.3,4.8,8.1,70.5,221.5,100,1725507501
54220,4912,2.48544e-05,0.990424,2.86971e-05,0.329834,0.228165,0.6,4.9,11.1,71.2,223.2,100,1725507501
54222,4973,2.54186e-05,0.99046,2.84914e-05,0.231991,0.233573,0.5,5.1,9.7,66.8,221.9,100,1725507501
54224,4991,2.59509e-05,0.990388,2.87086e-05,0.187752,0.221559,0.3,4.6,8.8,70.8,231.9,100,1725507501
54226,4907,2.50623e-05,0.990499,2.88229e-05,0.271809,0.227475,0.2,5.6,9.1,74.3,222.9,100,1725507501
54228,5028,2.54986e-05,0.990364,2.83429e-05,0.186603,0.242257,0.2,4.6,9.1,67.4,223.7,100,1725507501
54230,4968,2.49595e-05,0.990384,2.80457e-05,0.297769,0.245288,0.5,5.1,11.8,68.4,220.4,100,1725507501
54232,4933,2.55831e-05,0.990379,2.88914e-05,0.219497,0.227446,0.3,5.6,10.2,68.6,229.7,100,1725507501
54234,4922,2.58367e-05,0.990348,2.912e-05,0.194808,0.239056,0.4,5.5,8.5,68.2,222.0,100,1725507501
54236,4941,2.53821e-05,0.990385,2.84914e-05,0.193301,0.238961,0.1,4.2,11.0,71.3,224.7,100,1725507501
54238,5008,2.57499e-05,0.990423,2.78971e-05,0.190205,0.258126,0.2,5.2,9.9,62.9,223.5,100,1725507501
54240,4881,2.59623e-05,0.990526,2.83314e-05,0.191056,0.231273,0.4,5.2,10.1,70.5,220.1,100,1725507501
54242,4933,2.5558e-05,0.990575,2.81714e-05,0.193672,0.2277,0.4,4.8,9.1,69.7,222.3,100,1725507501
54244,4938,2.54529e-05,0.990588,2.84914e-05,0.212672,0.248414,0.1,5.9,9.4,72.6,222.2,100,1725507501
54246,4933,2.58184e-05,0.990505,2.87771e-05,0.21027,0.233284,0.1,4.9,11.9,71.1,231.1,100,1725507501
54248,4931,2.66842e-05,0.99058,2.84229e-05,0.382064,0.246081,0.6,5.3,9.1,68.4,218.6,100,1725507501
54250,4945,2.65288e-05,0.990611,2.85029e-05,0.172909,0.216971,0.2,4.3,10.1,71.9,230.0,100,1725507501
54252,4947,2.58778e-05,0.990454,2.89371e-05,0.227884,0.240705,0.3,5.7,11.3,74.6,222.1,100,1725507501
54254,4940,2.69675e-05,0.990432,2.88686e-05,0.204387,0.195129,0.3,5.8,9.8,73.6,223.6,100,1725507501
54256,4987,2.61908e-05,0.990373,2.896e-05,0.221235,0.218624,0.1,5.7,11.6,69.8,220.1,100,1725507501
54258,4950,2.5928e-05,0.99028,2.81371e-05,0.217652,0.232974,0.5,4.8,11.8,67.6,221.8,100,1725507501
54260,4951,2.51947e-05,0.990286,2.91657e-05,0.17293,0.226269,0.1,3.9,11.5,73.2,222.0,100,1725507501
54262,4951,2.50303e-05,0.9903,2.808e-05,0.16116,0.240399,0.1,4.2,9.9,70.7,223.8,100,1725507501
54264,4931,2.60354e-05,0.990466,2.84571e-05,0.156029,0.240971,0.1,4.6,10.1,69.3,228.4,100,1725507501
54266,4947,2.56334e-05,0.99044,2.90629e-05,0.177829,0.212346,0.2,4.7,12.3,69.0,223.6,100,1725507501
54268,4974,2.49115e-05,0.990418,2.82514e-05,0.161528,0.226242,0.3,3.4,12.2,66.7,222.0,100,1725507501
54270,4925,2.53798e-05,0.99029,2.79429e-05,0.150601,0.224826,0.2,3.9,10.2,68.0,220.2,100,1725507501
54272,4960,2.4498e-05,0.990139,2.85029e-05,0.310983,0.226029,0.3,5.5,10.2,69.0,223.1,100,1725507501
54274,4945,2.59737e-05,0.990031,2.744e-05,0.164108,0.223801,0.0,5.3,8.7,69.8,218.9,100,1725507501
54276,4900,2.52633e-05,0.990217,2.84457e-05,0.200788,0.251408,0.3,4.8,10.3,70.0,219.2,100,1725507501
54278,4986,2.6554e-05,0.990248,2.888e-05,0.14734,0.217855,0.2,4.1,10.6,70.5,233.3,100,1725507501
54280,4924,2.57933e-05,0.990471,2.86057e-05,0.173884,0.232689,0.2,4.7,10.5,67.1,225.9,100,1725507501
54282,4969,2.56379e-05,0.990357,2.85143e-05,0.320353,0.202432,0.3,5.7,11.4,65.1,218.6,100,1725507501
54284,4898,2.61793e-05,0.990395,2.93029e-05,0.340142,0.22099,0.5,6.6,11.5,68.4,228.0,100,1725507501
54286,4934,2.50942e-05,0.990337,2.85029e-05,0.163742,0.21775,0.2,4.4,9.6,72.2,227.9,100,1725507501
54288,4995,2.57521e-05,0.990463,2.83771e-05,0.161503,0.241024,0.2,4.2,10.8,70.5,229.2,100,1725507501
54290,4982,2.53821e-05,0.990425,2.952e-05,0.197988,0.220864,0.1,5.8,11.5,68.2,223.6,100,1725507501
54292,4960,2.54186e-05,0.990401,2.88686e-05,0.141973,0.232282,0.0,4.8,11.9,69.6,220.9,100,1725507501
54294,4976,2.62273e-05,0.990285,2.90057e-05,0.172331,0.236457,0.0,4.8,12.1,70.5,224.5,100,1725507501
54296,4948,2.65448e-05,0.990173,2.85257e-05,0.224915,0.231945,0.4,5.2,9.6,69.4,225.5,100,1725507501
54298,4914,2.50029e-05,0.990194,2.83314e-05,0.183256,0.239112,0.0,5.4,11.9,68.6,231.4,100,1725507501
54300,4907,2.57384e-05,0.990202,2.91543e-05,0.146925,0.216483,0.1,4.6,12.1,71.7,228.6,100,1725507501
54302,4905,2.64123e-05,0.990281,2.85943e-05,0.187662,0.236439,0.3,4.7,11.0,69.1,224.2,100,1725507501
54304,4941,2.53592e-05,0.990353,2.94514e-05,0.205005,0.205361,0.2,6.1,12.5,69.2,237.7,100,1725507501
54306,4910,2.57659e-05,0.990313,2.87429e-05,0.363132,0.238849,0.8,5.0,10.0,68.6,224.9,100,1725507501
54308,4898,2.54437e-05,0.990221,2.81029e-05,0.213021,0.237485,0.3,5.2,11.4,72.1,223.6,100,1725507501
54310,4939,2.56014e-05,0.990306,2.83657e-05,0.19054,0.220927,0.1,5.8,13.0,70.5,219.6,100,1725507501
54312,5002,2.52336e-05,0.990357,2.89714e-05,0.216341,0.200661,0.3,5.0,10.8,71.1,226.1,100,1725507501
54314,4931,2.48955e-05,0.990301,2.88343e-05,0.250446,0.229911,0.4,5.8,11.8,69.3,226.8,100,1725507501
54316,4989,2.55785e-05,0.990258,2.89943e-05,0.142145,0.206086,0.0,5.4,12.3,70.2,227.3,100,1725507501
54318,4984,2.63073e-05,0.990244,2.95657e-05,0.190737,0.224205,0.3,4.9,11.7,75.4,229.4,100,1725507501
54320,5011,2.57613e-05,0.990236,2.82857e-05,0.31954,0.247447,0.4,5.3,11.0,67.3,225.4,100,1725507501
54322,5007,2.60491e-05,0.990136,2.85486e-05,0.32778,0.230174,0.5,5.8,11.4,68.9,218.9,100,1725507501
54324,4950,2.62136e-05,0.990286,2.85486e-05,0.196654,0.228926,0.2,5.2,9.9,73.5,225.0,100,1725507501
54326,4951,2.50051e-05,0.990327,2.90743e-05,0.283395,0.2106,0.4,4.8,11.8,72.5,222.6,100,1725507501
54328,4919,2.57499e-05,0.990551,2.83657e-05,0.253324,0.227384,0.3,3.7,10.8,67.1,234.4,100,1725507501
54330,5002,2.57065e-05,0.990556,2.95086e-05,0.339826,0.220988,0.4,6.2,10.9,74.3,222.5,100,1725507501
54332,4992,2.44089e-05,0.990385,2.89257e-05,0.420567,0.231546,0.5,5.8,10.5,73.1,229.1,100,1725507501
54334,4919,2.50394e-05,0.99035,2.78743e-05,0.186688,0.219464,0.3,4.7,9.6,71.0,226.9,100,1725507501
54336,4971,2.60057e-05,0.99034,2.90514e-05,0.216836,0.217773,0.5,5.0,11.0,71.2,223.8,100,1725507501
54338,4973,2.60971e-05,0.990445,2.77486e-05,0.169569,0.255305,0.4,3.8,11.1,68.8,227.6,100,1725507501
54340,4957,2.62045e-05,0.990373,2.85143e-05,0.166511,0.228346,0.0,5.0,11.8,68.7,226.6,100,1725507501
54342,4999,2.58892e-05,0.990457,2.99543e-05,0.358805,0.234701,0.5,5.4,11.8,73.9,223.2,100,1725507501
54344,4928,2.65288e-05,0.990401,2.82971e-05,0.160041,0.216014,0.1,5.1,10.9,71.3,223.1,100,1725507501
54346,4992,2.59372e-05,0.990436,2.85714e-05,0.165896,0.226162,0.4,3.9,10.2,73.2,223.4,100,1725507501
54348,4898,2.62501e-05,0.990453,2.93486e-05,0.356296,0.211312,0.7,5.2,12.1,70.2,227.1,100,1725507501
54350,4946,2.61885e-05,0.99046,2.832e-05,0.24273,0.249067,0.7,5.3,11.8,66.8,231.6,100,1725507501
54352,5000,2.6225e-05,0.990566,2.89714e-05,0.242593,0.229065,0.3,5.5,13.1,68.5,225.6,100,1725507501
54354,4906,2.53135e-05,0.990551,2.94057e-05,0.179289,0.210792,0.2,4.7,12.9,71.8,223.1,100,1725507501
54356,4904,2.47516e-05,0.990509,2.84457e-05,0.365199,0.271867,0.6,6.0,10.3,69.9,230.2,100,1725507501
54358,4955,2.51742e-05,0.990576,2.86629e-05,0.350777,0.231323,0.4,5.8,9.5,69.9,224.8,100,1725507501
54360,4881,2.65951e-05,0.990545,2.81714e-05,0.259253,0.237397,0.3,3.9,11.5,72.3,223.7,100,1725507501
54362,4949,2.45186e-05,0.99061,2.84457e-05,0.287273,0.237872,0.3,4.9,13.1,71.6,226.1,100,1725507501
54364,4961,2.51902e-05,0.990573,2.86743e-05,0.17272,0.207479,0.2,4.2,11.4,69.8,220.2,100,1725507501
54366,4954,2.6506e-05,0.990552,2.83657e-05,0.225999,0.239082,0.4,4.8,11.4,69.9,223.1,100,1725507501
54368,4942,2.58801e-05,0.990564,2.856e-05,0.196669,0.232401,0.3,4.5,9.6,67.6,224.4,100,1725507501
54370,4958,2.61885e-05,0.990683,2.93829e-05,0.254755,0.216421,0.3,4.7,11.2,72.7,231.0,100,1725507501
54372,4953,2.66294e-05,0.990751,2.82286e-05,0.333405,0.233063,0.3,6.3,11.2,74.1,225.4,100,1725507501
54374,4949,2.49732e-05,0.990752,2.90971e-05,0.196707,0.219582,0.3,6.0,10.0,70.9,224.3,100,1725507501
54376,4997,2.53775e-05,0.990587,2.89829e-05,0.185131,0.270287,0.3,4.8,12.5,68.7,226.4,100,1725507501
54378,4962,2.62159e-05,0.99057,2.86057e-05,0.232925,0.227389,0.4,4.6,10.2,69.9,230.5,100,1725507501
54380,4955,2.48452e-05,0.990578,2.84457e-05,0.260521,0.22269,0.2,4.1,11.7,72.8,228.7,100,1725507501
54382,4930,2.53752e-05,0.990652,2.82857e-05,0.243704,0.260705,0.3,3.4,10.4,66.6,218.3,100,1725507501
54384,4946,2.54255e-05,0.990447,2.86057e-05,0.162093,0.257627,0.1,4.3,11.3,69.2,229.0,100,1725507501
54386,4945,2.55991e-05,0.99043,2.98629e-05,0.271518,0.225409,0.2,4.9,11.4,70.2,231.4,100,1725507501
54388,5012,2.67527e-05,0.990361,2.88457e-05,0.245025,0.232375,0.1,3.9,10.1,68.3,228.2,100,1725507501
54390,4911,2.57156e-05,0.990425,2.90971e-05,0.162947,0.235,0.1,3.7,11.0,70.3,227.1,100,1725507501
54392,5002,2.55671e-05,0.990333,2.92343e-05,0.217387,0.213479,0.4,5.1,10.5,71.1,218.6,100,1725507501
54394,4972,2.63986e-05,0.990563,2.95543e-05,0.182629,0.2097,0.2,4.6,13.5,69.4,229.9,100,1725507501
54396,4980,2.57453e-05,0.990533,2.83314e-05,0.186173,0.254222,0.1,5.9,10.8,70.7,223.4,100,1725507501
54398,4938,2.5823e-05,0.990551,2.84571e-05,0.18075,0.256436,0.2,5.2,10.4,72.9,228.8,100,1725507501
54400,4982,2.54141e-05,0.990635,2.80343e-05,0.364516,0.250889,0.3,5.2,9.1,69.7,224.8,100,1725507501
54402,4920,2.64123e-05,0.990624,2.98057e-05,0.298779,0.224525,0.3,4.8,10.6,71.2,235.0,100,1725507501
54404,4956,2.57887e-05,0.990646,2.85486e-05,0.139265,0.252677,0.1,3.3,9.6,67.1,228.3,100,1725507501
54406,4963,2.58915e-05,0.990554,2.82971e-05,0.193824,0.242813,0.1,4.6,11.6,73.1,222.3,100,1725507501
54408,4975,2.50577e-05,0.990568,2.90286e-05,0.17326,0.22025,0.2,4.2,10.8,70.6,227.8,100,1725507501
54410,5053,2.66499e-05,0.990529,2.864e-05,0.119146,0.223546,0.1,3.8,10.0,72.0,218.5,100,1725507501
54412,4940,2.50234e-05,0.990434,2.79657e-05,0.207638,0.227893,0.2,5.4,11.0,70.6,218.8,100,1725507501
54414,4978,2.61039e-05,0.990438,2.77486e-05,0.167749,0.276488,0.3,4.1,11.3,65.3,223.7,100,1725507501
54416,4977,2.5695e-05,0.99053,2.86629e-05,0.201169,0.22705,0.3,5.2,11.0,72.7,225.7,100,1725507501
54418,4982,2.61314e-05,0.990508,2.85486e-05,0.154303,0.231688,0.2,4.2,11.2,69.5,218.0,100,1725507501
54420,4910,2.58275e-05,0.990541,2.91543e-05,0.303043,0.196576,0.4,4.5,13.1,71.5,232.2,100,1725507501
54422,4913,2.51536e-05,0.990618,2.90514e-05,0.149605,0.235657,0.2,3.6,10.3,72.4,229.3,100,1725507501
54424,4964,2.58869e-05,0.990591,2.95886e-05,0.159515,0.247606,0.0,4.7,11.6,72.6,227.6,100,1725507501
54426,4963,2.60788e-05,0.990437,2.82286e-05,0.178771,0.258267,0.3,4.5,11.1,66.3,222.2,100,1725507501
54428,4950,2.56402e-05,0.990501,2.83314e-05,0.201648,0.256042,0.3,5.0,10.5,71.8,219.9,100,1725507501
54430,4933,2.50051e-05,0.990633,2.84114e-05,0.17762,0.25905,0.2,4.2,12.1,72.1,228.6,100,1725507501
54432,4960,2.55077e-05,0.990568,2.87771e-05,0.27778,0.258075,0.3,4.7,12.1,70.1,226.5,100,1725507501
54434,4949,2.55465e-05,0.990462,2.92114e-05,0.171194,0.225375,0.0,5.0,11.3,71.3,227.7,100,1725507501
54436,4991,2.54209e-05,0.990439,2.85829e-05,0.207734,0.246812,0.3,5.1,11.1,71.9,229.3,100,1725507501
54438,4970,2.55465e-05,0.990385,2.80343e-05,0.181694,0.265392,0.3,4.0,9.8,70.5,227.1,100,1725507501
54440,5012,2.63073e-05,0.99046,2.76343e-05,0.174666,0.256871,0.2,4.5,11.1,72.6,227.7,100,1725507501
54442,4961,2.44843e-05,0.990423,2.88343e-05,0.173399,0.270509,0.1,4.7,10.5,69.4,224.3,100,1725507501
54444,4933,2.52473e-05,0.990293,2.97143e-05,0.215022,0.222195,0.5,5.3,11.2,72.4,231.3,100,1725507501
54446,4939,2.51536e-05,0.990349,2.89486e-05,0.212977,0.201298,0.4,5.1,11.8,72.4,220.7,100,1725507501
54448,4951,2.56174e-05,0.990349,2.92457e-05,0.302619,0.233883,0.3,4.2,12.2,71.6,225.5,100,1725507501
54450,4984,2.67253e-05,0.990336,2.87543e-05,0.221305,0.2326,0.5,5.0,11.3,71.7,222.7,100,1725507501
54452,4964,2.543e-05,0.990212,2.83429e-05,0.202616,0.220542,0.2,5.4,8.6,68.0,223.8,100,1725507501
54454,4964,2.53524e-05,0.990304,2.89029e-05,0.443214,0.234481,0.6,5.9,12.0,69.4,219.3,100,1725507501
54456,4961,2.5928e-05,0.990319,2.84114e-05,0.260633,0.245246,0.4,6.9,12.2,64.3,219.5,100,1725507501
54458,4893,2.60537e-05,0.990409,2.81486e-05,0.378948,0.242096,0.6,4.7,11.2,70.6,227.8,100,1725507501
54460,4981,2.59509e-05,0.990392,2.87429e-05,0.270294,0.250351,0.4,4.3,11.2,70.8,224.5,100,1725507501
54462,4934,2.57247e-05,0.990442,2.87886e-05,0.196239,0.229359,0.4,5.1,11.1,70.2,228.2,100,1725507501
54464,5027,2.50417e-05,0.990303,2.86171e-05,0.306772,0.218287,0.4,6.0,10.3,72.8,224.2,100,1725507501
54466,4945,2.50166e-05,0.990332,2.85486e-05,0.288476,0.242583,0.5,3.8,10.7,73.2,226.9,100,1725507501
54468,4913,2.55191e-05,0.990306,2.928e-05,0.163332,0.214355,0.1,4.5,12.6,69.2,230.9,100,1725507501
54470,4940,2.61611e-05,0.990344,2.88229e-05,0.162471,0.233984,0.1,5.1,10.5,69.3,227.4,100,1725507501
54472,4986,2.64672e-05,0.99033,2.81029e-05,0.169869,0.253732,0.2,3.8,12.4,66.2,226.5,100,1725507501
54474,4951,2.51239e-05,0.990204,2.86514e-05,0.19536,0.233231,0.4,4.4,9.6,67.9,225.3,100,1725507501
54476,4910,2.63644e-05,0.990298,2.97714e-05,0.253055,0.217228,0.7,5.4,12.7,71.4,233.0,100,1725507501
54478,4919,2.65974e-05,0.990286,2.82971e-05,0.237099,0.24259,0.4,5.6,8.9,72.6,223.8,100,1725507501
54480,4967,2.56288e-05,0.990312,2.92e-05,0.225761,0.224173,0.3,6.0,10.6,72.8,230.3,100,1725507501
54482,5009,2.58321e-05,0.990255,2.86857e-05,0.221792,0.228418,0.4,5.2,10.5,72.6,225.9,100,1725507501
54484,4952,2.60583e-05,0.990275,2.91886e-05,0.349413,0.232474,0.6,5.8,10.8,69.1,231.2,100,1725507501
54486,4931,2.61656e-05,0.990262,2.83886e-05,0.281419,0.254855,0.3,4.5,10.8,67.3,229.8,100,1725507501
54488,4958,2.55465e-05,0.990285,2.848e-05,0.204771,0.242692,0.2,6.0,11.2,65.5,223.8,100,1725507501
54490,4948,2.67322e-05,0.990374,2.83314e-05,0.203368,0.250622,0.1,5.7,10.3,71.0,228.2,100,1725507501
54492,4908,2.56608e-05,0.990402,2.84343e-05,0.19866,0.253595,0.3,5.1,11.3,67.8,225.1,100,1725507501
54494,4889,2.63575e-05,0.990346,2.98743e-05,0.216954,0.216722,0.4,4.4,12.8,71.4,230.3,100,1725507501
54496,4970,2.49183e-05,0.990291,2.78743e-05,0.277762,0.231512,0.4,5.1,11.2,66.3,227.3,100,1725507501
54498,4941,2.49617e-05,0.990238,2.888e-05,0.293933,0.21142,0.4,4.8,10.7,69.5,224.9,100,1725507501
54500,4935,2.59577e-05,0.990225,2.93257e-05,0.203793,0.205361,0.4,4.7,12.5,68.9,232.2,100,1725507501
54502,4887,2.52678e-05,0.990267,2.928e-05,0.233723,0.233664,0.5,5.0,12.3,70.1,219.1,100,1725507501
54504,4916,2.50006e-05,0.99033,2.92114e-05,0.198833,0.234321,0.4,4.2,12.7,70.6,231.9,100,1725507501
54506,4966,2.49777e-05,0.990318,2.81943e-05,0.245089,0.257021,0.6,5.8,11.4,68.4,223.5,100,1725507501
54508,4921,2.64101e-05,0.990365,2.744e-05,0.164741,0.26679,0.1,4.3,9.5,68.1,221.4,100,1725507501
54510,5012,2.59806e-05,0.990387,2.97486e-05,0.239981,0.214183,0.2,6.7,10.8,70.3,224.1,100,1725507501
54512,4933,2.51925e-05,0.990451,2.88686e-05,0.28938,0.218135,0.3,5.1,9.7,69.1,231.7,100,1725507501
54514,4956,2.57567e-05,0.990455,2.93257e-05,0.28696,0.228407,0.4,5.0,10.3,73.6,224.3,100,1725507501
54516,4929,2.58801e-05,0.99042,2.85829e-05,0.195082,0.249893,0.3,5.0,9.8,67.5,229.6,100,1725507501
54518,5001,2.59989e-05,0.990276,2.86971e-05,0.191264,0.243056,0.2,5.1,11.1,70.3,226.4,100,1725507501
54520,5000,2.53227e-05,0.990316,2.87314e-05,0.424451,0.235907,0.5,5.3,10.2,70.8,230.0,100,1725507501
54522,4940,2.53729e-05,0.990214,2.95429e-05,0.199243,0.209342,0.2,4.9,11.8,71.1,229.0,100,1725507501
54524,4984,2.53067e-05,0.990089,2.91886e-05,0.269617,0.221191,0.3,4.8,10.5,68.5,230.8,100,1725507501
54526,4901,2.50006e-05,0.990169,2.88571e-05,0.264547,0.226229,0.5,7.0,9.7,68.5,226.8,100,1725507501
54528,4918,2.56448e-05,0.990193,2.82514e-05,0.380496,0.244448,0.6,4.1,10.5,71.3,224.2,100,1725507501
54530,4917,2.59258e-05,0.990027,2.848e-05,0.21272,0.242729,0.4,4.8,10.8,73.7,224.8,100,1725507501
54532,5007,2.6723e-05,0.990162,2.816e-05,0.16079,0.226841,0.3,3.4,10.4,71.2,229.4,100,1725507501
54534,4956,2.56037e-05,0.990255,2.83543e-05,0.222094,0.252206,0.7,5.1,10.1,65.3,228.6,100,1725507501
54536,4966,2.5759e-05,0.99025,2.856e-05,0.183518,0.249413,0.3,4.6,13.1,68.3,233.9,100,1725507501
54538,4919,2.58778e-05,0.990191,2.83086e-05,0.1888,0.208049,0.3,4.7,10.5,68.2,228.1,100,1725507501
54540,4903,2.47127e-05,0.990134,2.912e-05,0.255111,0.221103,0.8,5.9,11.1,68.1,227.2,100,1725507501
54542,4933,2.50303e-05,0.990222,2.87086e-05,0.1616,0.241781,0.2,4.4,11.3,70.0,221.2,100,1725507501
54544,4963,2.60377e-05,0.99014,2.83543e-05,0.416355,0.23112,0.5,5.4,12.3,69.4,226.0,100,1725507501
54546,5002,2.61793e-05,0.990108,2.76571e-05,0.332586,0.278458,0.5,5.4,10.9,65.1,221.6,100,1725507501
54548,4927,2.54826e-05,0.990226,2.82857e-05,0.289368,0.2451,0.4,4.6,10.5,71.2,229.4,100,1725507501
54550,4971,2.61039e-05,0.99009,2.87429e-05,0.214931,0.241275,0.5,5.3,9.0,67.9,223.7,100,1725507501
54552,4881,2.62022e-05,0.990059,2.90286e-05,0.200351,0.247172,0.4,4.2,12.7,67.0,230.1,100,1725507501
54554,4910,2.56585e-05,0.990062,2.90286e-05,0.348746,0.216683,0.6,5.0,10.4,71.2,231.7,100,1725507501
54556,4886,2.63872e-05,0.990159,2.87429e-05,0.31226,0.227763,0.6,5.3,10.5,69.2,225.5,100,1725507501
54558,4954,2.61908e-05,0.990119,2.88571e-05,0.188065,0.234049,0.1,4.8,11.0,69.1,226.0,100,1725507501
54560,4947,2.59532e-05,0.99011,2.93943e-05,0.261356,0.225492,0.7,4.8,12.7,68.5,225.9,100,1725507501
54562,4908,2.55306e-05,0.990173,2.89143e-05,0.212046,0.238757,0.4,4.8,11.3,71.4,230.4,100,1725507501
54564,4905,2.57887e-05,0.990068,2.77714e-05,0.162093,0.250333,0.2,3.9,10.6,71.0,220.4,100,1725507501
54566,4925,2.55146e-05,0.990084,2.83657e-05,0.222665,0.237422,0.5,4.8,10.9,72.2,226.2,100,1725507501
54568,4991,2.54826e-05,0.990154,2.81371e-05,0.35359,0.262939,0.7,5.8,11.6,69.1,218.5,100,1725507501
54570,4987,2.60103e-05,0.990229,2.91314e-05,0.237879,0.241194,0.2,6.9,10.3,70.6,224.7,100,1725507501
54572,4930,2.5261e-05,0.990296,2.80571e-05,0.182732,0.240653,0.2,4.6,9.7,69.3,226.2,100,1725507501
54574,4923,2.65677e-05,0.990167,2.86857e-05,0.193791,0.233823,0.2,4.9,11.3,68.0,228.0,100,1725507501
54576,4963,2.56653e-05,0.990137,2.87886e-05,0.235319,0.23449,0.6,4.6,11.6,69.9,224.4,100,1725507501
54578,4981,2.51628e-05,0.990099,2.808e-05,0.210807,0.269843,0.3,5.5,10.7,70.5,225.6,100,1725507501
54580,4911,2.56128e-05,0.990125,2.94629e-05,0.258447,0.220138,0.7,5.5,11.2,70.0,231.6,100,1725507501
54582,4975,2.55191e-05,0.990101,2.93486e-05,0.430665,0.234799,0.7,5.0,10.2,67.5,227.1,100,1725507501
54584,4906,2.58321e-05,0.990172,2.80229e-05,0.272354,0.2502,0.4,6.2,10.6,67.6,221.7,100,1725507501
54586,4950,2.52838e-05,0.990104,2.88e-05,0.154124,0.218782,0.2,4.5,8.7,68.7,226.0,100,1725507501
54588,4898,2.69035e-05,0.990127,2.84114e-05,0.165411,0.238976,0.1,4.2,12.5,70.0,225.4,100,1725507501
54590,4954,2.57659e-05,0.990043,2.85029e-05,0.177653,0.228649,0.2,5.2,11.2,71.3,230.3,100,1725507501
54592,5041,2.65608e-05,0.990136,2.832e-05,0.224057,0.257656,0.4,6.3,10.8,69.2,228.6,100,1725507501
54594,4956,2.5839e-05,0.990192,2.92571e-05,0.198346,0.207801,0.3,5.8,10.8,68.2,217.9,100,1725507501
54596,5011,2.60811e-05,0.990198,2.82857e-05,0.15134,0.231457,0.1,4.7,8.8,69.0,226.9,100,1725507501
54598,4947,2.53067e-05,0.990065,2.93486e-05,0.23501,0.236145,0.4,5.4,9.6,71.6,230.6,100,1725507501
54600,5003,2.61611e-05,0.990157,2.89257e-05,0.168819,0.230159,0.2,4.2,10.7,69.7,227.4,100,1725507501
54602,4945,2.45825e-05,0.990275,2.86514e-05,0.197562,0.240155,0.2,5.6,10.4,69.0,234.9,100,1725507501
54604,5001,2.49572e-05,0.990277,2.86743e-05,0.179991,0.240323,0.1,4.5,11.5,67.0,225.9,100,1725507501
54606,4926,2.58435e-05,0.990137,2.90286e-05,0.250059,0.230036,0.4,6.7,9.7,71.0,229.4,100,1725507501
54608,4971,2.5695e-05,0.990218,2.85371e-05,0.259059,0.227472,0.6,6.0,10.0,67.9,229.9,100,1725507501
54610,4952,2.58664e-05,0.990197,2.968e-05,0.236624,0.216403,0.2,6.2,10.7,72.0,230.8,100,1725507501
54612,4912,2.64809e-05,0.990213,2.79771e-05,0.232784,0.264655,0.3,5.9,9.7,71.5,224.8,100,1725507501
54614,4919,2.52359e-05,0.990199,2.82286e-05,0.384004,0.246586,0.5,5.1,9.8,71.0,220.6,100,1725507501
54616,4941,2.50623e-05,0.990228,2.848e-05,0.184967,0.215135,0.4,4.5,13.3,70.2,222.4,100,1725507501
54618,4919,2.54209e-05,0.990291,2.79429e-05,0.120213,0.241405,0.1,3.8,10.8,69.3,222.5,100,1725507501
54620,4964,2.51354e-05,0.99019,2.92914e-05,0.204682,0.233678,0.6,4.9,10.9,69.5,225.0,100,1725507501
54622,4941,2.48521e-05,0.990161,2.85029e-05,0.221526,0.235364,0.3,4.9,10.8,71.4,228.1,100,1725507501
54624,4959,2.66431e-05,0.990079,2.88e-05,0.32869,0.225732,0.4,5.5,11.6,72.6,231.6,100,1725507501
54626,4938,2.60057e-05,0.99021,2.936e-05,0.161387,0.22025,0.1,5.0,10.1,72.8,229.2,100,1725507501
54628,5007,2.66522e-05,0.990162,2.77029e-05,0.156673,0.248468,0.1,5.1,10.0,72.8,227.6,100,1725507501
54630,4944,2.59874e-05,0.990267,2.93486e-05,0.232429,0.228116,0.6,5.1,11.5,68.8,223.4,100,1725507501
54632,4964,2.58001e-05,0.990187,2.81714e-05,0.190345,0.244516,0.2,4.8,9.4,67.9,229.4,100,1725507501
54634,4964,2.62364e-05,0.990255,2.86286e-05,0.40068,0.233639,0.5,5.2,11.1,67.2,226.5,100,1725507501
54636,4969,2.47561e-05,0.990186,2.87886e-05,0.27544,0.248712,0.4,4.9,11.2,71.0,224.8,100,1725507501
54638,4984,2.61702e-05,0.990283,2.84571e-05,0.278028,0.268761,0.4,4.8,11.4,72.7,230.6,100,1725507501
54640,4969,2.62753e-05,0.990366,2.96914e-05,0.348061,0.219139,0.5,5.4,11.7,72.9,227.4,100,1725507501
54642,4984,2.60651e-05,0.990387,2.83543e-05,0.196842,0.242466,0.3,4.7,11.6,72.5,229.3,100,1725507501
54644,4911,2.60697e-05,0.9903,2.73143e-05,0.183383,0.262945,0.4,4.5,11.1,64.5,230.2,100,1725507501
54646,4914,2.52816e-05,0.990368,2.792e-05,0.134614,0.244724,0.0,3.9,9.2,68.8,227.1,100,1725507501
54648,4973,2.56813e-05,0.990227,2.96457e-05,0.195331,0.22466,0.3,5.2,11.2,70.5,231.9,100,1725507501
54650,4853,2.57636e-05,0.990197,2.84343e-05,0.151381,0.245547,0.1,4.2,11.2,67.8,228.1,100,1725507501
54652,4875,2.63324e-05,0.990164,2.85943e-05,0.185874,0.230905,0.2,5.0,11.7,72.9,228.4,100,1725507501
54654,4930,2.51445e-05,0.990124,2.90171e-05,0.203722,0.21331,0.5,4.5,10.5,69.9,231.4,100,1725507501
54656,4957,2.5076e-05,0.990135,2.81371e-05,0.217917,0.250899,0.2,5.9,10.2,72.8,226.8,100,1725507501
54658,4920,2.54872e-05,0.990168,2.91543e-05,0.241738,0.229535,0.4,5.3,10.5,69.6,226.5,100,1725507501
54660,4954,2.60286e-05,0.990179,2.86171e-05,0.211656,0.24776,0.6,4.2,11.5,70.8,225.2,100,1725507501
54662,4995,2.52953e-05,0.990278,2.92914e-05,0.212369,0.222991,0.3,5.1,10.6,73.5,229.7,100,1725507501
54664,4992,2.48612e-05,0.990182,2.79771e-05,0.293226,0.251646,0.2,5.1,11.6,69.3,226.6,100,1725507501
54666,4958,2.52838e-05,0.990458,2.92571e-05,0.291301,0.216181,0.3,4.8,13.5,70.5,232.7,100,1725507501
54668,4918,2.56516e-05,0.990395,2.888e-05,0.255881,0.223294,0.4,4.6,13.5,71.7,231.9,100,1725507501
54670,4956,2.48544e-05,0.990365,2.89257e-05,0.243744,0.221886,0.3,3.9,9.8,71.5,227.3,100,1725507501
54672,4955,2.58252e-05,0.99036,2.80457e-05,0.327777,0.2703,0.7,5.2,9.7,74.1,220.5,100,1725507501
54674,4914,2.53021e-05,0.990332,2.83543e-05,0.142353,0.244853,0.3,3.8,9.9,70.0,222.5,100,1725507501
54676,4969,2.38698e-05,0.990364,2.88457e-05,0.193287,0.243508,0.2,4.6,10.1,70.8,232.3,100,1725507501
54678,4995,2.58435e-05,0.99031,2.90171e-05,0.358747,0.223288,0.6,5.8,10.2,68.7,228.6,100,1725507501
54680,4957,2.56562e-05,0.990417,2.81829e-05,0.202711,0.257102,0.0,6.3,11.3,69.4,225.0,100,1725507501
54682,4865,2.61451e-05,0.990462,2.85486e-05,0.188523,0.236313,0.2,5.4,10.3,69.3,227.7,100,1725507501
54684,4970,2.58549e-05,0.990447,2.84229e-05,0.190525,0.262848,0.4,4.7,10.9,71.7,223.1,100,1725507501
54686,4963,2.50257e-05,0.990478,2.84914e-05,0.311423,0.249478,0.4,5.9,10.4,70.0,225.1,100,1725507501
54688,4970,2.46442e-05,0.99042,2.92229e-05,0.26102,0.219002,0.5,5.8,13.2,72.1,226.7,100,1725507501
54690,4941,2.56768e-05,0.990418,2.90171e-05,0.316051,0.241982,0.6,5.9,9.4,73.4,228.6,100,1725507501
54692,5000,2.56813e-05,0.990409,2.88914e-05,0.154265,0.21905,0.1,5.0,10.0,71.7,226.9,100,1725507501
54694,4967,2.5478e-05,0.990377,2.84e-05,0.29305,0.246694,0.6,4.7,10.5,67.8,228.7,100,1725507501
54696,5011,2.56927e-05,0.990372,2.888e-05,0.411564,0.240913,0.6,5.4,12.0,66.6,228.5,100,1725507501
54698,4947,2.58435e-05,0.990428,2.91657e-05,0.302093,0.227076,0.5,4.5,12.0,71.5,225.0,100,1725507501
54700,4954,2.46579e-05,0.990446,2.92914e-05,0.190215,0.237578,0.3,4.4,11.4,71.7,228.8,100,1725507501
54702,4985,2.56631e-05,0.990475,2.91314e-05,0.237632,0.236331,0.3,3.8,11.4,71.2,232.2,100,1725507501
54704,4950,2.47287e-05,0.990383,2.84686e-05,0.328456,0.225042,0.3,3.7,11.0,70.5,230.3,100,1725507501
54706,5036,2.6008e-05,0.990399,2.89486e-05,0.230365,0.242,0.5,5.2,8.8,70.6,228.6,100,1725507501
54708,4954,2.61336e-05,0.990377,2.81143e-05,0.165585,0.239966,0.0,5.1,11.8,67.0,226.3,100,1725507501
54710,4920,2.54734e-05,0.990386,2.98857e-05,0.249908,0.214031,0.6,4.9,10.7,69.4,234.0,100,1725507501
54712,4958,2.54095e-05,0.990416,2.77829e-05,0.345639,0.25185,0.6,5.4,12.0,69.6,229.0,100,1725507501
54714,4906,2.47881e-05,0.990397,2.91771e-05,0.21951,0.236693,0.4,5.1,11.5,70.9,226.3,100,1725507501
54716,4916,2.64215e-05,0.990472,2.85029e-05,0.142215,0.246682,0.3,3.3,10.2,67.7,229.7,100,1725507501
54718,4937,2.66134e-05,0.99043,2.83314e-05,0.228569,0.222338,0.3,5.6,10.7,67.6,225.2,100,1725507501
54720,5005,2.56996e-05,0.990219,2.73371e-05,0.334192,0.277319,0.5,5.8,10.1,68.5,226.4,100,1725507501
54722,4946,2.51376e-05,0.990214,2.87429e-05,0.232768,0.215334,0.5,5.2,9.2,68.6,227.1,100,1725507501
54724,4977,2.6273e-05,0.99003,2.81829e-05,0.587763,0.248236,0.9,5.5,12.2,68.3,230.9,100,1725507501
54726,5015,2.55351e-05,0.990148,2.85714e-05,0.465446,0.239567,0.5,4.2,10.7,67.6,226.3,100,1725507501
54728,4904,2.60788e-05,0.990097,2.83886e-05,0.258313,0.247278,0.6,5.2,12.9,70.0,228.6,100,1725507501
54730,4911,2.51719e-05,0.990045,2.87314e-05,0.253752,0.246891,0.6,5.8,11.3,70.2,223.9,100,1725507501
54732,4942,2.59714e-05,0.990249,2.90286e-05,0.176414,0.231952,0.1,5.4,10.3,68.9,227.4,100,1725507501
54734,4951,2.55009e-05,0.990328,2.86171e-05,0.282927,0.220441,0.3,4.4,11.8,68.3,231.2,100,1725507501
54736,4924,2.53113e-05,0.990238,2.85029e-05,0.379674,0.231482,0.8,5.6,10.3,69.5,229.7,100,1725507501
54738,4876,2.70406e-05,0.990303,2.87543e-05,0.191082,0.220053,0.1,5.9,10.2,68.3,230.0,100,1725507501
54740,4925,2.51742e-05,0.990312,2.87657e-05,0.18377,0.256692,0.3,4.3,10.4,67.0,231.9,100,1725507501
54742,4982,2.60377e-05,0.990247,2.85486e-05,0.170316,0.221325,0.3,4.5,10.9,70.6,229.4,100,1725507501
54744,4960,2.59189e-05,0.990154,2.88e-05,0.307533,0.235774,0.6,5.1,10.4,71.9,227.4,100,1725507501
54746,4919,2.56973e-05,0.990183,2.86743e-05,0.177302,0.229924,0.2,3.8,10.0,68.6,229.2,100,1725507501
54748,4952,2.5807e-05,0.990201,2.91886e-05,0.202098,0.208185,0.3,5.0,10.1,72.3,231.7,100,1725507501
54750,5014,2.62501e-05,0.990135,2.85371e-05,0.466615,0.240085,0.5,5.8,11.6,70.9,223.2,100,1725507501
54752,4945,2.58778e-05,0.990196,2.896e-05,0.151051,0.230611,0.3,4.0,9.2,69.0,233.5,100,1725507501
54754,4964,2.63781e-05,0.990284,2.87886e-05,0.220091,0.211057,0.3,5.3,11.1,66.1,226.7,100,1725507501
54756,4975,2.52678e-05,0.990338,2.912e-05,0.182944,0.255366,0.2,4.9,10.7,70.4,227.2,100,1725507501
54758,4941,2.56219e-05,0.990292,2.89371e-05,0.153989,0.238526,0.1,4.4,10.7,70.0,232.1,100,1725507501
54760,4979,2.51513e-05,0.990104,2.91086e-05,0.260008,0.241961,0.5,5.9,12.6,70.6,230.7,100,1725507501
54762,4971,2.53638e-05,0.990029,2.87429e-05,0.279509,0.212887,0.4,4.8,9.3,71.8,228.0,100,1725507501
54764,4917,2.58435e-05,0.990141,2.84343e-05,0.204736,0.238363,0.2,5.5,9.5,68.6,232.6,100,1725507501
54766,4924,2.55511e-05,0.99018,2.84457e-05,0.233904,0.237579,0.5,4.6,10.2,71.9,230.4,100,1725507501
54768,4975,2.60445e-05,0.990267,2.90743e-05,0.324424,0.216215,0.7,5.4,12.6,73.2,228.6,100,1725507501
54770,4965,2.52793e-05,0.990257,2.82743e-05,0.262168,0.245134,0.4,4.3,9.7,69.3,234.2,100,1725507501
54772,4946,2.44226e-05,0.990243,2.86857e-05,0.155778,0.234908,0.3,3.5,12.0,73.1,225.7,100,1725507501
54774,4915,2.47995e-05,0.990351,2.75314e-05,0.249385,0.268008,0.3,4.2,10.4,72.1,223.7,100,1725507501
54776,4945,2.60286e-05,0.990379,2.88343e-05,0.29303,0.232927,0.6,4.2,10.2,69.5,227.8,100,1725507501
54778,4940,2.62821e-05,0.990335,2.84343e-05,0.248196,0.234351,0.2,4.7,8.6,69.1,233.0,100,1725507501
54780,4918,2.5791e-05,0.99042,2.78857e-05,0.303407,0.233524,0.6,4.9,9.4,68.0,227.5,100,1725507501
54782,4934,2.61314e-05,0.990383,2.81371e-05,0.262954,0.228185,0.2,4.3,9.8,68.7,227.6,100,1725507501
54784,4936,2.65814e-05,0.990391,2.83886e-05,0.221899,0.230785,0.5,4.5,10.1,70.6,232.8,100,1725507501
54786,4965,2.5944e-05,0.990321,2.90286e-05,0.20431,0.232172,0.4,5.8,10.5,69.4,226.5,100,1725507501
54788,4999,2.5775e-05,0.990408,2.91429e-05,0.224346,0.235286,0.4,5.0,9.4,68.2,227.3,100,1725507501
54790,5010,2.56128e-05,0.990343,2.88114e-05,0.165677,0.243227,0.0,5.4,10.2,67.9,222.8,100,1725507501
54792,4951,2.51559e-05,0.990409,2.81829e-05,0.232193,0.242702,0.4,4.2,10.2,69.5,222.5,100,1725507501
54794,4963,2.55077e-05,0.990397,2.84457e-05,0.160714,0.229291,0.5,4.3,10.3,71.2,229.3,100,1725507501
54796,4896,2.53912e-05,0.99036,2.81143e-05,0.161033,0.264558,0.0,4.6,12.7,67.5,223.4,100,1725507501
54798,4929,2.55351e-05,0.990287,2.85714e-05,0.172134,0.262627,0.3,4.4,12.2,72.8,228.0,100,1725507501
54800,4963,2.5679e-05,0.990334,2.89371e-05,0.23916,0.256649,0.3,5.1,10.9,65.6,235.7,100,1725507501
54802,4905,2.56722e-05,0.990228,2.85943e-05,0.197194,0.234732,0.2,5.0,10.9,68.5,228.2,100,1725507501
54804,4910,2.56402e-05,0.990182,2.81257e-05,0.178008,0.256682,0.4,4.8,10.6,73.0,225.3,100,1725507501
54806,4890,2.53889e-05,0.990247,2.89029e-05,0.31804,0.239034,0.5,4.4,10.4,71.0,226.2,100,1725507501
54808,4963,2.51194e-05,0.990223,2.808e-05,0.329587,0.22779,0.7,5.1,9.3,70.1,224.2,100,1725507501
54810,5007,2.63187e-05,0.990143,2.81143e-05,0.328134,0.227317,0.6,5.2,11.3,70.7,226.0,100,1725507501
54812,4992,2.49206e-05,0.99022,2.88114e-05,0.261603,0.245246,0.5,6.2,11.9,70.9,237.2,100,1725507501
54814,4945,2.57659e-05,0.990285,2.77943e-05,0.197541,0.267987,0.2,4.9,9.5,68.2,227.2,100,1725507501
54816,4891,2.53501e-05,0.990272,2.77257e-05,0.193586,0.260715,0.2,4.5,11.1,69.2,222.3,100,1725507501
54818,4987,2.65334e-05,0.990365,2.93943e-05,0.175595,0.223343,0.1,5.2,11.0,71.0,231.5,100,1725507501
54820,4901,2.49732e-05,0.990351,2.87543e-05,0.307469,0.232692,0.6,4.6,12.6,68.9,224.5,100,1725507501
54822,4992,2.57202e-05,0.990295,2.89257e-05,0.227891,0.239201,0.1,3.8,11.8,68.4,230.1,100,1725507501
54824,4978,2.55557e-05,0.990319,2.91314e-05,0.281761,0.21639,0.2,4.8,12.5,70.7,220.2,100,1725507501
54826,5022,2.49846e-05,0.990392,2.824e-05,0.198036,0.231719,0.3,4.6,10.1,69.4,226.5,100,1725507501
54828,4941,2.64991e-05,0.990402,2.86743e-05,0.23762,0.224022,0.4,5.3,11.2,65.3,222.8,100,1725507501
54830,5017,2.53889e-05,0.990387,2.91314e-05,0.255173,0.235853,0.4,6.2,10.3,69.2,227.7,100,1725507501
54832,4946,2.49572e-05,0.990319,2.87886e-05,0.219265,0.239854,0.5,5.3,10.7,69.5,222.5,100,1725507501
54834,4992,2.54209e-05,0.990381,2.93486e-05,0.455882,0.213975,0.5,7.0,10.6,68.5,230.5,100,1725507501
54836,4935,2.543e-05,0.990427,2.89829e-05,0.205751,0.25188,0.2,6.0,11.7,68.3,223.0,100,1725507501
54838,4963,2.62684e-05,0.990393,2.816e-05,0.174051,0.231233,0.2,4.9,11.0,76.3,227.1,100,1725507501
54840,4975,2.64557e-05,0.990357,2.92686e-05,0.182311,0.221185,0.2,4.6,10.8,73.4,235.3,100,1725507501
54842,4984,2.55123e-05,0.990355,2.91086e-05,0.443897,0.233766,0.5,6.7,11.5,68.0,223.0,100,1725507501
54844,4913,2.57293e-05,0.990341,2.81029e-05,0.155067,0.246107,0.0,4.8,9.3,68.1,222.5,100,1725507501
54846,4934,2.51925e-05,0.990423,2.776e-05,0.368103,0.237195,0.4,6.4,10.7,65.8,223.5,100,1725507501
54848,4881,2.61953e-05,0.99041,2.89486e-05,0.288528,0.222905,0.3,4.6,10.6,74.0,227.7,100,1725507501
54850,5000,2.50623e-05,0.990459,2.88114e-05,0.173029,0.227476,0.0,5.5,10.6,68.8,223.6,100,1725507501
54852,4963,2.52861e-05,0.990428,2.90743e-05,0.330132,0.241954,0.6,4.8,11.5,71.7,222.1,100,1725507501
54854,4938,2.5076e-05,0.990398,2.87086e-05,0.252361,0.252071,0.4,4.5,11.7,64.7,226.2,100,1725507501
54856,4941,2.59143e-05,0.990516,2.83543e-05,0.337869,0.22577,0.5,6.0,12.5,68.5,224.0,100,1725507501
54858,4980,2.54072e-05,0.990526,2.86514e-05,0.14894,0.236841,0.2,3.6,9.2,71.0,228.5,100,1725507501
54860,4925,2.59852e-05,0.990398,2.85371e-05,0.330749,0.268949,0.4,5.4,10.5,65.8,229.8,100,1725507501
54862,5001,2.54049e-05,0.990393,2.92229e-05,0.324893,0.219691,0.5,4.6,11.2,68.4,224.7,100,1725507501
54864,4946,2.66933e-05,0.990233,2.84114e-05,0.221739,0.245991,0.4,5.5,10.1,67.3,222.0,100,1725507501
54866,4985,2.56059e-05,0.990247,2.89029e-05,0.339433,0.247533,0.5,5.8,12.7,67.9,230.2,100,1725507501
54868,4941,2.50531e-05,0.990203,2.82286e-05,0.149725,0.247895,0.2,3.7,9.3,66.1,223.5,100,1725507501
54870,4881,2.53638e-05,0.990246,2.81029e-05,0.267349,0.268474,0.5,5.0,10.7,71.0,228.5,100,1725507501
54872,4944,2.56128e-05,0.990232,2.85257e-05,0.327196,0.244915,0.5,4.6,9.5,68.3,230.0,100,1725507501
54874,4994,2.56813e-05,0.990345,2.87657e-05,0.204134,0.224816,0.2,5.2,12.5,70.0,230.8,100,1725507501
54876,4965,2.62753e-05,0.990296,2.81829e-05,0.234932,0.253383,0.3,6.0,9.8,68.3,231.4,100,1725507501
54878,4937,2.57042e-05,0.990384,2.86057e-05,0.156423,0.231103,0.2,4.6,11.5,72.1,224.3,100,1725507501
54880,4952,2.43929e-05,0.990279,2.88229e-05,0.255337,0.236159,0.5,4.7,10.4,68.7,230.0,100,1725507501
54882,4924,2.47127e-05,0.99024,2.82629e-05,0.195073,0.226519,0.2,5.0,11.1,70.0,226.3,100,1725507501
54884,4900,2.5574e-05,0.99032,2.88457e-05,0.289882,0.240522,0.3,4.6,12.6,66.4,219.5,100,1725507501
54886,4940,2.50485e-05,0.990338,2.784e-05,0.283843,0.255818,0.1,4.8,10.3,68.1,222.1,100,1725507501
54888,4959,2.61862e-05,0.990484,2.82629e-05,0.154875,0.228445,0.2,4.5,10.1,69.0,223.0,100,1725507501
54890,4927,2.57407e-05,0.990513,2.82743e-05,0.165193,0.247805,0.1,5.1,8.2,69.9,221.6,100,1725507501
54892,4940,2.51125e-05,0.990418,2.86171e-05,0.294359,0.241325,0.4,5.5,11.8,70.7,221.5,100,1725507501
54894,4948,2.51628e-05,0.990358,2.83886e-05,0.198463,0.208005,0.5,3.6,8.9,66.3,222.7,100,1725507501
54896,4874,2.58024e-05,0.990293,2.92457e-05,0.129367,0.223222,0.2,3.7,11.5,71.3,228.0,100,1725507501
54898,4954,2.58138e-05,0.990453,2.83771e-05,0.430358,0.246356,0.6,5.2,11.0,67.8,222.2,100,1725507501
54900,4947,2.51696e-05,0.99032,2.776e-05,0.301212,0.260894,0.3,5.9,9.3,65.9,228.0,100,1725507501
54902,4942,2.60423e-05,0.990218,2.80914e-05,0.247621,0.231293,0.6,5.6,10.8,72.4,226.9,100,1725507501
54904,5026,2.59303e-05,0.990241,2.75886e-05,0.19907,0.263703,0.3,4.8,10.2,66.8,227.3,100,1725507501
54906,4983,2.6241e-05,0.990307,2.87314e-05,0.328476,0.228758,0.7,6.4,10.4,70.5,225.8,100,1725507501
54908,4879,2.63004e-05,0.990245,2.77143e-05,0.184641,0.26968,0.4,4.4,9.3,69.1,218.2,100,1725507501
54910,4953,2.57727e-05,0.99013,2.78743e-05,0.288732,0.265645,0.2,5.9,8.4,68.2,226.0,100,1725507501
54912,4934,2.51879e-05,0.990386,2.86286e-05,0.286261,0.251273,0.4,4.4,9.6,69.7,227.0,100,1725507501
54914,4986,2.65037e-05,0.990403,2.89143e-05,0.327486,0.262341,0.3,5.7,10.4,69.3,227.3,100,1725507501
54916,4927,2.69469e-05,0.990581,2.848e-05,0.25505,0.22907,0.4,5.5,11.6,68.2,231.9,100,1725507501
54918,4974,2.63667e-05,0.990536,2.808e-05,0.271476,0.273696,0.5,6.0,11.7,66.0,228.6,100,1725507501
54920,4952,2.56493e-05,0.990505,2.89143e-05,0.26894,0.23565,0.8,5.6,11.1,70.0,228.1,100,1725507501
54922,4915,2.55009e-05,0.990352,2.87429e-05,0.185394,0.234156,0.3,4.2,11.3,71.2,232.2,100,1725507501
54924,4948,2.63849e-05,0.990489,2.88343e-05,0.306876,0.23489,0.3,5.6,9.7,73.1,224.2,100,1725507501
54926,4885,2.60948e-05,0.99051,2.872e-05,0.241176,0.240446,0.5,5.2,10.3,71.2,232.7,100,1725507501
54928,4968,2.5494e-05,0.990518,2.85143e-05,0.210526,0.246763,0.4,5.4,10.5,70.1,227.4,100,1725507501
54930,5011,2.5092e-05,0.990404,2.85257e-05,0.225776,0.25184,0.6,4.6,10.9,70.4,228.9,100,1725507501
54932,4921,2.59121e-05,0.990584,2.91429e-05,0.160574,0.244708,0.2,4.0,11.8,68.3,230.4,100,1725507501
54934,4929,2.63644e-05,0.990388,2.84686e-05,0.407683,0.249656,0.4,5.1,9.9,66.1,223.4,100,1725507501
54936,4967,2.55831e-05,0.99037,2.83886e-05,0.229265,0.234763,0.3,6.2,8.8,68.9,228.4,100,1725507501
54938,4952,2.54186e-05,0.990394,2.96114e-05,0.30776,0.218225,0.6,4.3,11.3,71.7,233.6,100,1725507501
54940,4935,2.55351e-05,0.990308,2.944e-05,0.254004,0.230492,0.4,6.0,11.1,71.6,228.7,100,1725507501
54942,4964,2.59646e-05,0.990353,3.01829e-05,0.218789,0.220393,0.4,5.0,11.0,69.4,234.7,100,1725507501
54944,4893,2.52633e-05,0.990421,2.86286e-05,0.41771,0.254054,0.4,5.3,10.4,70.4,234.4,100,1725507501
54946,4964,2.60331e-05,0.990432,2.83886e-05,0.224908,0.242276,0.4,5.6,9.4,67.7,232.2,100,1725507501
54948,5002,2.56699e-05,0.990385,2.92343e-05,0.327436,0.243594,0.5,5.0,10.5,71.4,230.6,100,1725507501
54950,4975,2.65197e-05,0.990462,2.80571e-05,0.416012,0.238277,0.7,4.8,10.1,64.4,224.0,100,1725507501
54952,4932,2.51856e-05,0.990305,2.928e-05,0.227278,0.218906,0.4,5.4,10.7,68.3,228.6,100,1725507501
54954,4967,2.66111e-05,0.990407,2.872e-05,0.178765,0.247976,0.2,4.7,11.5,68.4,225.0,100,1725507501
54956,4974,2.51856e-05,0.990528,2.83771e-05,0.244201,0.258425,0.2,4.8,9.0,69.9,223.5,100,1725507501
54958,4921,2.6506e-05,0.990611,2.92e-05,0.234086,0.246947,0.4,6.1,11.4,68.5,227.0,100,1725507501
54960,4921,2.56653e-05,0.990592,2.89486e-05,0.329766,0.247828,0.5,5.3,10.2,66.8,230.9,100,1725507501
54962,4935,2.51559e-05,0.990554,2.86629e-05,0.389563,0.245192,0.7,6.1,11.5,70.3,231.3,100,1725507501
54964,4879,2.49869e-05,0.990604,2.79886e-05,0.321462,0.265224,0.5,5.5,10.1,64.6,222.7,100,1725507501
54966,4914,2.54986e-05,0.990605,2.83771e-05,0.416285,0.260633,0.5,5.5,9.3,73.9,231.2,100,1725507501
54968,4964,2.63621e-05,0.990585,2.84343e-05,0.172528,0.234449,0.1,5.4,11.5,67.7,227.1,100,1725507501
54970,4959,2.5092e-05,0.990534,2.83657e-05,0.208702,0.237278,0.3,5.4,10.4,68.7,224.1,100,1725507501
54972,5002,2.5727e-05,0.990467,2.81714e-05,0.194249,0.24481,0.1,5.2,11.8,69.1,226.8,100,1725507501
54974,4995,2.56745e-05,0.990505,2.85714e-05,0.254669,0.217251,0.3,5.4,9.4,66.6,220.8,100,1725507501
54976,4917,2.52816e-05,0.990569,2.89257e-05,0.24452,0.223293,0.4,5.4,11.2,68.3,227.0,100,1725507501
54978,5042,2.58778e-05,0.990598,2.86171e-05,0.201253,0.237422,0.2,5.6,12.6,67.3,230.2,100,1725507501
54980,4933,2.49595e-05,0.990577,2.84914e-05,0.313368,0.232399,0.2,6.4,9.5,65.3,229.3,100,1725507501
54982,4902,2.55488e-05,0.990531,2.78971e-05,0.498764,0.265298,0.6,4.9,10.0,64.8,228.3,100,1725507501
54984,4959,2.57476e-05,0.990434,2.84114e-05,0.205529,0.233907,0.4,5.8,9.9,67.0,233.7,100,1725507501
54986,4935,2.62821e-05,0.99043,2.904e-05,0.257644,0.251994,0.1,5.7,12.7,64.6,231.2,100,1725507501
54988,4908,2.57681e-05,0.990589,2.768e-05,0.222131,0.256898,0.3,6.3,10.5,67.9,222.9,100,1725507501
54990,4952,2.59737e-05,0.990627,2.91543e-05,0.249431,0.237656,0.2,4.2,12.8,69.1,230.4,100,1725507501
54992,4935,2.52975e-05,0.990666,2.91657e-05,0.179476,0.239457,0.4,4.1,10.7,68.8,232.0,100,1725507501
54994,4959,2.59532e-05,0.990627,2.864e-05,0.175946,0.239503,0.2,5.0,9.1,72.3,228.0,100,1725507501
54996,4962,2.4265e-05,0.990586,2.89257e-05,0.179645,0.230074,0.1,5.0,8.7,69.5,224.5,100,1725507501
54998,4931,2.54689e-05,0.990561,2.89943e-05,0.188021,0.219448,0.1,6.7,9.6,71.4,229.5,100,1725507501
55000,4925,2.62342e-05,0.990513,2.85257e-05,0.289496,0.254116,0.4,4.4,9.7,71.5,227.8,100,1725507501
55002,1967,2.60149e-05,0.990181,2.81029e-05,0.343752,0.25071,0.3,6.2,11.7,71.0,229.7,100,1725507501
55004,1989,2.58115e-05,0.990142,2.87314e-05,0.149424,0.259458,0.1,4.3,11.0,65.2,224.6,100,1725507501
55006,1944,2.5494e-05,0.98985,2.80343e-05,0.192261,0.264495,0.2,4.4,10.3,69.8,220.9,100,1725507501
55008,1983,2.56699e-05,0.989971,2.89943e-05,0.342139,0.228728,0.6,4.9,11.1,67.6,229.4,100,1725507501
55010,1995,2.64557e-05,0.990228,2.82286e-05,0.183751,0.226616,0.2,4.5,9.8,68.4,224.3,100,1725507501
55012,2039,2.54003e-05,0.990277,2.90971e-05,0.252948,0.242058,0.3,4.9,11.6,68.0,230.9,100,1725507501
55014,1965,2.61953e-05,0.98994,2.88457e-05,0.157301,0.22442,0.1,4.5,11.4,70.1,227.0,100,1725507501
55016,1998,2.48475e-05,0.990031,2.904e-05,0.215637,0.2411,0.4,5.7,10.4,69.2,229.9,100,1725507501
55018,1985,2.55146e-05,0.990123,2.93943e-05,0.244451,0.229352,0.4,5.5,9.8,68.3,233.8,100,1725507501
55020,1962,2.51079e-05,0.990271,2.88914e-05,0.257093,0.233318,0.9,5.1,11.4,72.2,232.2,100,1725507501
55022,1985,2.6024e-05,0.990466,2.81371e-05,0.243561,0.241754,0.3,5.4,8.8,68.0,228.0,100,1725507501
55024,1960,2.58504e-05,0.990461,2.83657e-05,0.220599,0.239338,0.6,4.9,9.0,68.4,229.1,100,1725507501
55026,2005,2.6522e-05,0.990422,2.87314e-05,0.213802,0.232972,0.4,4.9,11.3,65.8,228.9,100,1725507501
55028,1982,2.55534e-05,0.990624,2.85371e-05,0.277413,0.254226,0.5,5.7,10.2,70.1,234.4,100,1725507501
55030,1992,2.56882e-05,0.990416,2.85143e-05,0.286679,0.216029,0.3,5.7,10.5,68.7,224.3,100,1725507501
55032,1936,2.65106e-05,0.990244,2.98971e-05,0.233413,0.232467,0.2,5.9,10.2,68.5,231.3,100,1725507501
55034,1991,2.55283e-05,0.990203,2.80343e-05,0.324572,0.268102,0.6,5.6,11.3,70.4,226.1,100,1725507501
55036,1984,2.59509e-05,0.99024,2.74743e-05,0.196616,0.239541,0.3,5.0,10.3,70.0,226.4,100,1725507501
55038,1939,2.44843e-05,0.990533,2.89714e-05,0.250191,0.247821,0.5,5.1,9.8,65.6,230.2,100,1725507501
55040,1967,2.59897e-05,0.990321,2.84686e-05,0.250841,0.24367,0.5,4.1,11.0,65.0,225.5,100,1725507501
55042,1951,2.55374e-05,0.990472,2.86514e-05,0.183434,0.24975,0.2,4.8,11.7,69.9,231.7,100,1725507501
55044,1998,2.4964e-05,0.990505,2.82629e-05,0.165968,0.231775,0.2,4.1,8.3,70.6,228.1,100,1725507501
55046,1998,2.58572e-05,0.990479,2.81257e-05,0.384576,0.23861,0.4,4.3,10.1,66.2,225.1,100,1725507501
55048,1952,2.5791e-05,0.990334,2.89486e-05,0.212148,0.209353,0.1,6.0,11.6,69.9,230.3,100,1725507501
55050,1996,2.55169e-05,0.990505,2.82171e-05,0.149879,0.266996,0.2,4.1,10.3,70.0,230.8,100,1725507501
55052,1990,2.63963e-05,0.990576,2.84914e-05,0.185929,0.262854,0.2,5.0,11.0,66.5,227.3,100,1725507501
55054,2013,2.58618e-05,0.990507,2.83771e-05,0.295672,0.244817,0.4,5.1,10.6,66.3,225.8,100,1725507501
55056,1989,2.61382e-05,0.990571,2.83543e-05,0.209215,0.240406,0.5,4.8,10.3,66.4,225.4,100,1725507501
55058,2018,2.53935e-05,0.990757,2.90057e-05,0.325101,0.240272,0.6,5.6,10.1,65.8,230.8,100,1725507501
55060,2000,2.60377e-05,0.990688,2.864e-05,0.276588,0.266823,0.2,5.2,8.7,66.1,228.3,100,1725507501
55062,1995,2.55694e-05,0.990672,2.86629e-05,0.188643,0.221273,0.4,5.4,11.4,71.3,234.1,100,1725507501
55064,2005,2.66705e-05,0.990698,2.81829e-05,0.208457,0.260697,0.3,5.9,8.1,69.1,225.3,100,1725507501
55066,2008,2.5341e-05,0.990719,2.83429e-05,0.458429,0.243457,0.5,4.4,8.3,67.2,235.1,100,1725507501
55068,1989,2.57796e-05,0.990768,2.736e-05,0.353558,0.265765,0.6,6.1,9.5,62.7,219.3,100,1725507501
55070,1981,2.48932e-05,0.990737,2.88686e-05,0.207816,0.236248,0.3,5.7,10.9,68.2,229.0,100,1725507501
55072,2030,2.56973e-05,0.990667,2.83429e-05,0.217249,0.25056,0.5,4.7,10.5,66.7,233.7,100,1725507501
55074,1975,2.60423e-05,0.990454,2.84571e-05,0.25537,0.234598,0.1,5.0,8.9,68.1,223.5,100,1725507501
55076,1979,2.60445e-05,0.990534,2.72457e-05,0.413573,0.262423,0.7,5.0,9.6,65.7,237.0,100,1725507501
55078,1976,2.54963e-05,0.990655,2.88e-05,0.216989,0.217912,0.4,4.8,11.4,68.5,233.6,100,1725507501
55080,1961,2.44843e-05,0.990725,2.792e-05,0.17015,0.244724,0.2,4.5,10.3,68.8,223.9,100,1725507501
55082,1971,2.53798e-05,0.990746,2.86743e-05,0.150809,0.241739,0.1,4.7,11.3,71.6,226.7,100,1725507501
55084,2008,2.52359e-05,0.990543,2.80571e-05,0.199069,0.232446,0.3,4.9,9.8,68.5,227.0,100,1725507501
55086,2008,2.53341e-05,0.990572,2.736e-05,0.236435,0.264547,0.4,5.7,9.6,67.8,231.4,100,1725507501
55088,1958,2.56905e-05,0.990504,2.82971e-05,0.171552,0.241093,0.1,4.8,11.0,68.2,225.3,100,1725507501
55090,1950,2.57773e-05,0.990399,2.84914e-05,0.318427,0.220757,0.3,5.9,10.1,65.0,222.7,100,1725507501
55092,1983,2.4827e-05,0.990348,2.85943e-05,0.360867,0.257733,0.3,4.7,9.5,66.4,227.1,100,1725507501
55094,1930,2.52199e-05,0.990258,2.76457e-05,0.324803,0.266095,0.5,5.6,9.2,63.5,223.8,100,1725507501
55096,1976,2.54894e-05,0.990323,2.92e-05,0.233238,0.251847,0.4,5.9,10.0,72.7,227.0,100,1725507501
55098,1958,2.52975e-05,0.990165,2.80686e-05,0.30322,0.247768,0.6,4.9,8.8,67.9,223.8,100,1725507501
55100,2005,2.50874e-05,0.990237,2.808e-05,0.386429,0.247498,0.5,4.8,9.7,67.4,223.1,100,1725507501
55102,1983,2.7285e-05,0.990119,2.82743e-05,0.183605,0.248111,0.2,5.2,9.0,69.1,223.7,100,1725507501
55104,1984,2.53067e-05,0.99011,2.86971e-05,0.294538,0.2269,0.3,5.6,9.4,68.9,225.0,100,1725507501
55106,1949,2.54369e-05,0.990504,2.88114e-05,0.38333,0.249909,0.7,4.8,11.4,69.6,227.3,100,1725507501
55108,1995,2.51262e-05,0.990509,2.79314e-05,0.29641,0.25317,0.4,4.9,9.4,68.4,227.5,100,1725507501
55110,1994,2.53615e-05,0.990679,2.87429e-05,0.301646,0.23739,0.6,4.9,9.6,68.8,230.5,100,1725507501
55112,1997,2.56745e-05,0.990719,2.83886e-05,0.300711,0.239082,0.5,4.4,10.0,63.2,228.0,100,1725507501
55114,1995,2.59235e-05,0.990847,2.74286e-05,0.402798,0.253428,0.5,5.2,9.4,70.9,225.6,100,1725507501
55116,1977,2.67619e-05,0.990759,2.81829e-05,0.343672,0.263774,0.4,6.3,9.6,69.9,229.4,100,1725507501
55118,2001,2.53592e-05,0.99057,2.90743e-05,0.148491,0.223337,0.0,5.4,9.5,71.1,226.5,100,1725507501
55120,1951,2.5197e-05,0.990568,2.90057e-05,0.277022,0.245185,0.5,4.7,9.0,67.0,227.5,100,1725507501
55122,2008,2.52313e-05,0.990657,2.77943e-05,0.256609,0.249555,0.8,5.8,10.3,69.6,225.3,100,1725507501
55124,1985,2.54552e-05,0.990763,2.84686e-05,0.446759,0.243064,0.9,5.2,10.2,68.5,231.3,100,1725507501
55126,1983,2.60491e-05,0.990766,2.86514e-05,0.179597,0.236315,0.2,4.9,10.4,71.9,224.1,100,1725507501
55128,1968,2.52656e-05,0.990732,2.83429e-05,0.268824,0.280552,0.3,4.2,10.4,70.3,229.7,100,1725507501
55130,1961,2.44774e-05,0.990728,2.80114e-05,0.274181,0.25097,0.3,5.1,10.2,65.9,227.1,100,1725507501
55132,1977,2.62113e-05,0.990658,2.91314e-05,0.215231,0.254735,0.3,6.2,11.3,70.8,229.9,100,1725507501
55134,2010,2.55922e-05,0.99087,2.79886e-05,0.17869,0.244791,0.3,4.4,9.5,66.0,225.6,100,1725507501
55136,1960,2.55283e-05,0.990887,2.80457e-05,0.15857,0.243449,0.3,3.9,11.2,67.9,223.6,100,1725507501
55138,1984,2.60605e-05,0.990916,2.85257e-05,0.199598,0.25502,0.3,4.7,9.8,68.6,230.9,100,1725507501
55140,2005,2.51742e-05,0.990819,2.84229e-05,0.35235,0.250891,0.4,5.0,9.3,65.6,228.4,100,1725507501
55142,1983,2.57019e-05,0.990802,2.87657e-05,0.194584,0.232802,0.2,6.0,9.0,68.9,232.6,100,1725507501
55144,1985,2.5807e-05,0.990837,2.82514e-05,0.158858,0.238945,0.2,4.7,10.2,68.3,227.8,100,1725507501
55146,1961,2.60194e-05,0.990607,2.81943e-05,0.23441,0.272284,0.4,5.2,12.0,64.7,226.0,100,1725507501
55148,1985,2.49412e-05,0.990655,2.88914e-05,0.240718,0.240667,0.4,6.1,11.6,66.4,230.1,100,1725507501
55150,1956,2.61473e-05,0.990656,2.91543e-05,0.155125,0.228391,0.1,4.6,8.7,67.8,230.7,100,1725507501
55152,1976,2.59395e-05,0.99068,2.75771e-05,0.182559,0.231255,0.3,5.5,8.9,68.4,228.2,100,1725507501
55154,1979,2.56882e-05,0.99075,2.752e-05,0.156167,0.236448,0.2,5.2,9.8,65.0,226.5,100,1725507501
55156,2022,2.54392e-05,0.991065,2.85829e-05,0.291068,0.228606,0.4,5.8,8.1,70.9,224.3,100,1725507501
55158,1963,2.69697e-05,0.991115,2.83429e-05,0.236307,0.242103,0.6,6.2,9.6,65.2,232.2,100,1725507501
55160,1928,2.59189e-05,0.991081,2.90057e-05,0.273459,0.206478,0.3,4.9,9.3,66.7,224.2,100,1725507501
55162,1967,2.64626e-05,0.991099,2.84914e-05,0.312659,0.223941,0.4,5.2,9.9,70.1,228.3,100,1725507501
55164,2014,2.54826e-05,0.991184,2.86171e-05,0.362928,0.250418,0.2,5.5,9.7,64.4,225.7,100,1725507501
55166,1998,2.498e-05,0.991132,2.95886e-05,0.186474,0.207895,0.0,6.2,8.2,73.2,228.2,100,1725507501
55168,1927,2.59029e-05,0.991081,2.84457e-05,0.177785,0.265282,0.1,5.0,8.9,67.3,229.6,100,1725507501
55170,1948,2.55237e-05,0.99104,2.92686e-05,0.303488,0.219466,0.7,4.5,8.5,69.8,240.3,100,1725507501
55172,1982,2.60971e-05,0.991153,2.77943e-05,0.174217,0.254395,0.2,4.8,11.4,68.0,223.3,100,1725507501
55174,2010,2.51605e-05,0.990983,2.75086e-05,0.299623,0.262885,0.3,5.9,9.2,65.6,233.1,100,1725507501
55176,2013,2.54734e-05,0.99064,2.84457e-05,0.240056,0.221008,0.2,6.0,9.2,67.3,229.5,100,1725507501
55178,1963,2.64192e-05,0.990639,2.89029e-05,0.21253,0.240485,0.3,5.0,9.5,68.5,227.5,100,1725507501
55180,1968,2.58252e-05,0.99089,2.86057e-05,0.350674,0.274999,0.6,6.9,9.9,70.2,229.3,100,1725507501
55182,1968,2.60354e-05,0.990939,2.87086e-05,0.198857,0.236729,0.2,5.9,9.6,69.7,226.1,100,1725507501
55184,1954,2.58824e-05,0.990866,2.83543e-05,0.159239,0.245305,0.1,5.1,8.5,70.4,232.6,100,1725507501
55186,2006,2.62867e-05,0.991084,2.90286e-05,0.350221,0.213207,0.8,6.0,10.7,65.8,232.8,100,1725507501
55188,1989,2.58344e-05,0.990896,2.86057e-05,0.212666,0.221079,0.6,5.1,9.2,64.1,234.6,100,1725507501
55190,1967,2.53912e-05,0.990778,2.81943e-05,0.153627,0.276993,0.1,4.5,8.3,69.4,233.5,100,1725507501
55192,1985,2.53501e-05,0.990638,2.81943e-05,0.221111,0.242293,0.7,5.3,7.2,66.5,229.3,100,1725507501
55194,2031,2.55009e-05,0.990477,2.89486e-05,0.206877,0.221592,0.5,5.4,9.9,67.4,238.0,100,1725507501
55196,1926,2.6241e-05,0.990632,2.91886e-05,0.126928,0.235616,0.0,4.4,10.6,65.9,229.6,100,1725507501
55198,2010,2.58915e-05,0.990745,2.82971e-05,0.205011,0.238666,0.4,4.8,8.1,63.9,228.2,100,1725507501
55200,1958,2.50166e-05,0.990464,2.81486e-05,0.172058,0.253784,0.2,5.3,8.7,68.0,228.7,100,1725507501
55202,1976,2.55351e-05,0.990516,2.848e-05,0.256469,0.205254,0.3,4.6,8.9,66.2,229.7,100,1725507501
55204,1976,2.58595e-05,0.990579,2.83429e-05,0.268366,0.240736,0.3,5.6,9.6,66.1,230.4,100,1725507501
55206,1980,2.53432e-05,0.990586,2.90057e-05,0.214207,0.227152,0.3,5.0,9.8,63.0,236.4,100,1725507501
55208,1984,2.58641e-05,0.990568,2.87429e-05,0.265678,0.246407,0.2,5.8,8.6,66.4,232.2,100,1725507501
55210,1978,2.52222e-05,0.990469,2.89829e-05,0.152306,0.242653,0.3,4.4,9.0,67.8,226.8,100,1725507501
55212,2008,2.57179e-05,0.990478,2.74286e-05,0.463619,0.254299,0.6,6.2,9.2,67.4,228.1,100,1725507501
55214,1969,2.53364e-05,0.99047,2.86514e-05,0.222153,0.238404,0.2,5.9,9.2,63.1,227.2,100,1725507501
55216,2005,2.45437e-05,0.990578,2.90857e-05,0.236502,0.237081,0.4,6.8,9.3,62.8,232.8,100,1725507501
55218,2011,2.5245e-05,0.99056,2.73714e-05,0.209401,0.247646,0.3,4.8,8.7,64.7,229.7,100,1725507501
55220,1970,2.59258e-05,0.990486,2.88343e-05,0.469947,0.211648,0.5,4.8,9.6,67.8,222.1,100,1725507501
55222,1974,2.59029e-05,0.990257,2.79771e-05,0.308952,0.230889,0.6,5.7,11.2,67.1,222.7,100,1725507501
55224,2017,2.5928e-05,0.990119,2.816e-05,0.210981,0.237829,0.4,5.0,10.1,66.9,227.9,100,1725507501
55226,1982,2.54095e-05,0.990447,2.83771e-05,0.282429,0.226667,0.4,4.5,9.8,65.4,225.4,100,1725507501
55228,2011,2.51742e-05,0.99061,2.86514e-05,0.210517,0.258094,0.3,5.4,9.1,66.8,232.4,100,1725507501
55230,1970,2.56745e-05,0.990724,2.86057e-05,0.214519,0.240712,0.3,5.9,9.2,68.1,224.9,100,1725507501
55232,1990,2.59395e-05,0.990693,2.79886e-05,0.324106,0.247689,0.5,5.6,8.9,68.5,226.9,100,1725507501
55234,1970,2.53318e-05,0.990469,2.88571e-05,0.328876,0.25888,0.4,6.9,10.2,68.5,226.5,100,1725507501
55236,1959,2.60583e-05,0.990567,2.87543e-05,0.27876,0.222592,0.5,7.1,9.5,67.4,226.7,100,1725507501
55238,2037,2.46671e-05,0.990806,2.82857e-05,0.224503,0.236407,0.4,6.0,9.1,64.8,228.2,100,1725507501
55240,2011,2.56219e-05,0.990633,2.85029e-05,0.163617,0.237471,0.2,5.1,8.6,65.7,226.6,100,1725507501
55242,2002,2.54803e-05,0.990622,2.872e-05,0.204647,0.245638,0.2,5.6,11.2,69.4,229.4,100,1725507501
55244,2015,2.57773e-05,0.990577,2.88229e-05,0.293474,0.228903,0.4,5.8,9.1,63.6,228.4,100,1725507501
55246,2017,2.54529e-05,0.990701,2.81486e-05,0.304099,0.251584,0.3,6.1,10.5,65.4,224.0,100,1725507501
55248,1957,2.55831e-05,0.990684,2.85029e-05,0.151284,0.247136,0.2,4.1,10.4,67.5,229.4,100,1725507501
55250,1988,2.56174e-05,0.990947,2.85371e-05,0.311868,0.220887,0.6,4.9,8.9,65.7,233.4,100,1725507501
55252,1959,2.54003e-05,0.99071,2.85257e-05,0.147075,0.216031,0.1,4.4,9.5,67.9,229.6,100,1725507501
55254,1979,2.55854e-05,0.990601,2.91886e-05,0.411257,0.214567,0.5,7.0,10.3,70.2,229.1,100,1725507501
55256,1963,2.58686e-05,0.990634,2.79543e-05,0.205238,0.246193,0.4,5.1,8.8,63.2,228.7,100,1725507501
55258,1979,2.64763e-05,0.990703,2.90743e-05,0.186531,0.239269,0.3,4.6,10.8,69.6,224.9,100,1725507501
55260,1991,2.59303e-05,0.990404,2.872e-05,0.23438,0.225779,0.4,6.6,9.3,68.4,229.7,100,1725507501
55262,2020,2.64443e-05,0.990384,2.82629e-05,0.171096,0.243475,0.2,5.1,9.5,68.5,228.3,100,1725507501
55264,1984,2.5823e-05,0.99035,2.808e-05,0.157133,0.264541,0.2,4.8,9.3,69.1,230.4,100,1725507501
55266,2019,2.50485e-05,0.990455,2.75657e-05,0.15922,0.243607,0.2,4.6,8.3,64.3,225.6,100,1725507501
55268,1984,2.57567e-05,0.990573,2.92229e-05,0.235274,0.208765,0.5,5.9,8.8,67.9,236.9,100,1725507501
55270,1934,2.4699e-05,0.990556,2.84343e-05,0.156054,0.240282,0.2,4.7,9.5,69.4,231.5,100,1725507501
55272,1981,2.52884e-05,0.990518,2.92571e-05,0.243326,0.231337,0.7,5.1,10.1,69.0,227.1,100,1725507501
55274,1952,2.49709e-05,0.990052,2.80229e-05,0.220805,0.252294,0.4,6.1,10.1,65.9,225.1,100,1725507501
55276,1955,2.5245e-05,0.990138,2.80114e-05,0.293466,0.253046,0.5,5.4,8.6,67.2,233.1,100,1725507501
55278,1936,2.45825e-05,0.989936,2.75429e-05,0.227362,0.254911,0.4,7.0,8.4,63.5,226.8,100,1725507501
55280,1976,2.48932e-05,0.989897,2.86857e-05,0.192902,0.243084,0.2,5.1,10.3,67.3,230.8,100,1725507501
55282,1999,2.56174e-05,0.989982,2.80914e-05,0.203871,0.271577,0.2,5.1,10.8,66.3,230.4,100,1725507501
55284,2002,2.52404e-05,0.990108,2.77143e-05,0.219046,0.23426,0.4,5.1,8.8,66.6,225.4,100,1725507501
55286,1956,2.49435e-05,0.990144,2.81714e-05,0.222464,0.244174,0.4,5.5,9.9,67.6,233.4,100,1725507501
55288,1984,2.48155e-05,0.990065,2.80114e-05,0.226511,0.235002,0.6,5.6,9.6,66.7,232.4,100,1725507501
55290,1950,2.63598e-05,0.989948,2.85714e-05,0.25863,0.232966,0.3,5.1,8.3,68.7,228.8,100,1725507501
55292,2001,2.59989e-05,0.989812,2.80229e-05,0.172691,0.259044,0.1,5.3,9.0,65.0,224.9,100,1725507501
55294,1996,2.52244e-05,0.98971,2.73829e-05,0.176361,0.260407,0.2,4.8,10.7,67.4,225.6,100,1725507501
55296,2007,2.59349e-05,0.98989,2.91086e-05,0.188264,0.217421,0.3,4.8,8.4,68.6,226.0,100,1725507501
55298,1987,2.66476e-05,0.990317,2.92e-05,0.260274,0.238595,0.5,6.7,10.9,63.9,229.9,100,1725507501
55300,1975,2.51216e-05,0.990557,2.79886e-05,0.210208,0.240744,0.3,5.1,10.1,68.4,231.0,100,1725507501
55302,1979,2.60468e-05,0.99045,2.81714e-05,0.201626,0.231984,0.4,6.1,9.0,67.8,228.3,100,1725507501
55304,1988,2.55214e-05,0.990699,2.792e-05,0.210088,0.238923,0.4,5.6,9.7,68.4,223.2,100,1725507501
55306,1980,2.47698e-05,0.990616,2.89486e-05,0.206093,0.255599,0.4,4.8,11.4,66.3,231.4,100,1725507501
55308,1978,2.543e-05,0.990453,2.73829e-05,0.172834,0.232184,0.3,4.2,7.5,63.8,218.4,100,1725507501
55310,1987,2.5478e-05,0.990504,2.80457e-05,0.337007,0.253255,0.6,5.7,10.3,66.2,226.6,100,1725507501
55312,1998,2.49777e-05,0.990399,2.76343e-05,0.212743,0.273536,0.4,5.1,10.5,65.1,228.9,100,1725507501
55314,1982,2.51011e-05,0.990505,2.82857e-05,0.198045,0.235729,0.3,5.8,10.5,69.3,230.9,100,1725507501
55316,1999,2.65608e-05,0.990044,2.82514e-05,0.27211,0.270162,0.7,6.3,10.1,64.2,227.4,100,1725507501
55318,1983,2.53912e-05,0.990083,2.75886e-05,0.304473,0.274595,0.3,6.1,10.2,71.8,232.7,100,1725507501
55320,1951,2.50691e-05,0.989921,2.81829e-05,0.217814,0.23857,0.5,5.8,10.3,69.9,219.0,100,1725507501
55322,1979,2.51102e-05,0.989948,2.824e-05,0.230716,0.247683,0.4,6.1,11.2,65.8,225.0,100,1725507501
55324,2000,2.55328e-05,0.989738,2.84571e-05,0.236266,0.250252,0.5,6.2,9.9,65.7,231.7,100,1725507501
55326,1961,2.49869e-05,0.989903,2.936e-05,0.249611,0.23316,0.4,5.4,10.6,67.3,235.2,100,1725507501
55328,1967,2.53478e-05,0.989946,2.776e-05,0.278147,0.252378,0.4,6.7,9.6,68.8,223.9,100,1725507501
55330,1975,2.51057e-05,0.99004,2.86171e-05,0.203377,0.242438,0.3,5.7,8.0,69.5,223.1,100,1725507501
55332,1938,2.51673e-05,0.99012,2.888e-05,0.201251,0.267431,0.4,5.5,10.0,66.0,235.4,100,1725507501
55334,1980,2.4811e-05,0.990071,2.81829e-05,0.272148,0.242207,0.6,5.9,8.9,67.3,225.8,100,1725507501
55336,1972,2.57567e-05,0.990078,2.85943e-05,0.206191,0.261126,0.3,6.7,8.1,66.1,232.0,100,1725507501
55338,1988,2.46899e-05,0.989983,2.82629e-05,0.215703,0.249434,0.3,6.0,10.1,66.3,230.3,100,1725507501
55340,1968,2.53981e-05,0.989645,2.78057e-05,0.288115,0.243678,0.3,5.0,10.8,64.9,226.5,100,1725507501
55342,1978,2.61405e-05,0.989564,2.77029e-05,0.219547,0.263982,0.4,5.2,12.0,67.3,226.9,100,1725507501
55344,1936,2.57293e-05,0.989928,2.84e-05,0.218402,0.237091,0.4,6.8,9.5,64.7,227.0,100,1725507501
55346,1957,2.55603e-05,0.98981,2.85829e-05,0.23585,0.273417,0.3,7.2,9.5,67.4,230.1,100,1725507501
55348,1957,2.61656e-05,0.989607,2.89829e-05,0.254578,0.232612,0.7,5.6,9.2,68.3,229.2,100,1725507501
55350,1980,2.54141e-05,0.989572,2.77029e-05,0.234631,0.243965,0.3,5.9,8.9,66.6,224.8,100,1725507501
55352,1990,2.5574e-05,0.989568,2.77257e-05,0.206803,0.266661,0.4,5.4,9.0,67.8,225.5,100,1725507501
55354,1986,2.58275e-05,0.989744,2.90857e-05,0.230053,0.224034,0.4,5.5,10.0,68.7,229.0,100,1725507501
55356,1964,2.49138e-05,0.989723,2.82857e-05,0.559767,0.225146,0.7,6.9,10.2,67.7,227.6,100,1725507501
55358,1985,2.61885e-05,0.98968,2.82857e-05,0.18706,0.25681,0.1,5.6,10.2,67.2,231.8,100,1725507501
55360,1955,2.53364e-05,0.989917,2.88e-05,0.232478,0.254213,0.5,6.2,10.2,63.7,228.4,100,1725507501
55362,1974,2.65448e-05,0.989845,2.816e-05,0.172784,0.263631,0.2,4.4,10.0,70.0,230.4,100,1725507501
55364,1976,2.45163e-05,0.99006,2.77714e-05,0.244114,0.271271,0.4,6.8,9.5,69.4,221.6,100,1725507501
55366,2004,2.60377e-05,0.990016,2.87086e-05,0.253678,0.231047,0.2,5.3,10.3,68.6,229.4,100,1725507501
55368,1990,2.46945e-05,0.990019,2.77486e-05,0.199611,0.265844,0.2,6.5,8.5,68.7,220.2,100,1725507501
55370,1967,2.60697e-05,0.98963,2.89257e-05,0.224399,0.22211,0.4,5.3,9.4,64.4,233.0,100,1725507501
55372,1963,2.48681e-05,0.989558,2.83543e-05,0.19747,0.229492,0.3,6.7,9.1,69.6,232.2,100,1725507501
55374,1930,2.60308e-05,0.989711,2.85257e-05,0.275179,0.251038,0.4,6.1,10.0,66.4,234.5,100,1725507501
55376,1978,2.43746e-05,0.989705,2.85714e-05,0.371706,0.254915,0.8,6.7,11.0,67.8,231.1,100,1725507501
55378,1995,2.52587e-05,0.989617,2.86171e-05,0.225526,0.233349,0.6,4.5,9.4,68.5,231.9,100,1725507501
55380,1962,2.58047e-05,0.989985,2.85029e-05,0.197077,0.238001,0.2,6.1,11.4,68.1,233.0,100,1725507501
55382,1978,2.48429e-05,0.990005,2.83429e-05,0.265897,0.256083,0.5,5.8,10.5,65.9,232.2,100,1725507501
55384,2005,2.5542e-05,0.989795,2.91657e-05,0.211689,0.222857,0.3,5.9,8.9,69.3,234.8,100,1725507501
55386,1998,2.46945e-05,0.989589,2.77714e-05,0.168556,0.231953,0.4,4.1,8.8,68.5,227.6,100,1725507501
55388,1959,2.54141e-05,0.989804,2.69029e-05,0.18134,0.29321,0.2,5.6,9.4,62.4,225.5,100,1725507501
55390,1983,2.61291e-05,0.990067,2.872e-05,0.262364,0.245538,0.5,6.9,8.5,67.8,232.7,100,1725507501
55392,1963,2.48247e-05,0.990002,2.83086e-05,0.204309,0.259329,0.2,5.4,10.0,68.4,228.9,100,1725507501
55394,1972,2.5261e-05,0.990092,2.82743e-05,0.209973,0.234697,0.3,5.2,9.9,66.4,230.0,100,1725507501
55396,1981,2.52519e-05,0.9902,2.80914e-05,0.229397,0.269124,0.5,5.2,9.3,68.6,227.7,100,1725507501
55398,2009,2.49914e-05,0.989983,2.85143e-05,0.228612,0.247585,0.2,6.2,10.2,71.3,232.7,100,1725507501
55400,1985,2.58184e-05,0.989939,2.83886e-05,0.195464,0.252489,0.3,5.1,8.1,68.9,234.7,100,1725507501
55402,1996,2.60902e-05,0.989856,2.85029e-05,0.175306,0.252291,0.1,5.1,8.6,67.2,228.6,100,1725507501
55404,1960,2.53798e-05,0.989994,2.86286e-05,0.195772,0.2348,0.3,5.2,9.0,66.1,236.7,100,1725507501
55406,1972,2.51925e-05,0.990141,2.86743e-05,0.233323,0.238284,0.5,5.3,9.0,64.0,230.9,100,1725507501
55408,1952,2.59052e-05,0.990027,2.82971e-05,0.352881,0.255109,0.8,5.1,9.1,65.3,231.2,100,1725507501
55410,1964,2.58298e-05,0.98996,2.84686e-05,0.185931,0.25433,0.1,5.4,8.7,66.4,233.6,100,1725507501
55412,1964,2.57681e-05,0.989582,2.856e-05,0.19868,0.241002,0.3,5.7,9.3,68.5,231.2,100,1725507501
55414,1941,2.57727e-05,0.98963,2.79771e-05,0.219925,0.23505,0.2,5.9,8.7,69.3,226.9,100,1725507501
55416,1994,2.47744e-05,0.989702,2.83771e-05,0.185964,0.266712,0.2,5.7,10.2,64.8,233.5,100,1725507501
55418,1999,2.44843e-05,0.98974,2.79657e-05,0.251248,0.266136,0.4,6.4,8.7,65.8,234.9,100,1725507501
55420,1990,2.58367e-05,0.990038,2.77714e-05,0.191968,0.24124,0.4,5.4,10.1,66.9,224.4,100,1725507501
55422,1940,2.58344e-05,0.989918,2.72229e-05,0.227336,0.277492,0.6,5.1,8.5,69.6,225.5,100,1725507501
55424,1985,2.50051e-05,0.990118,2.904e-05,0.357314,0.246461,0.5,6.8,9.3,64.8,228.4,100,1725507501
55426,1967,2.57133e-05,0.99007,2.81143e-05,0.318365,0.281303,0.4,6.1,11.0,66.8,233.6,100,1725507501
55428,1990,2.60194e-05,0.990025,2.84457e-05,0.235985,0.242149,0.4,5.7,9.0,60.9,230.3,100,1725507501
55430,1986,2.48886e-05,0.989931,2.88914e-05,0.22593,0.210647,0.2,5.8,10.0,68.2,233.5,100,1725507501
55432,1969,2.48772e-05,0.989932,2.73371e-05,0.326392,0.2543,0.4,6.9,8.9,62.6,228.3,100,1725507501
55434,1985,2.59143e-05,0.990114,2.78286e-05,0.184899,0.262995,0.1,5.6,7.6,69.6,233.4,100,1725507501
55436,1949,2.52336e-05,0.990298,2.80571e-05,0.250115,0.261384,0.1,7.0,10.3,64.1,227.4,100,1725507501
55438,1980,2.56037e-05,0.990243,2.80229e-05,0.260824,0.264093,0.2,6.2,8.6,64.3,226.4,100,1725507501
55440,1958,2.54026e-05,0.990174,2.79771e-05,0.19192,0.256243,0.1,5.6,8.7,64.4,224.2,100,1725507501
55442,1972,2.51536e-05,0.989838,2.90971e-05,0.204313,0.234868,0.5,5.6,8.4,67.9,231.8,100,1725507501
55444,2005,2.45894e-05,0.989942,2.81257e-05,0.253407,0.235584,0.7,5.2,9.4,66.5,228.9,100,1725507501
55446,2000,2.43198e-05,0.989987,2.84e-05,0.2246,0.215605,0.4,5.6,9.6,64.9,224.4,100,1725507501
55448,1990,2.59646e-05,0.989997,2.78629e-05,0.139993,0.25862,0.0,4.1,8.8,66.9,226.5,100,1725507501
55450,1974,2.59646e-05,0.990185,2.81257e-05,0.221294,0.259851,0.2,6.8,10.0,65.6,226.2,100,1725507501
55452,1966,2.62204e-05,0.990216,2.80914e-05,0.202263,0.229226,0.4,5.3,9.0,68.8,225.6,100,1725507501
55454,1991,2.53135e-05,0.990056,2.85029e-05,0.163893,0.23161,0.2,4.2,10.4,72.1,229.2,100,1725507501
55456,1946,2.54392e-05,0.990027,2.69714e-05,0.20199,0.260017,0.2,5.7,9.4,67.6,223.5,100,1725507501
55458,2000,2.52724e-05,0.990349,2.82857e-05,0.264202,0.229648,0.2,7.1,8.3,66.6,227.8,100,1725507501
55460,1996,2.54734e-05,0.990393,2.816e-05,0.238771,0.247898,0.6,5.5,9.1,68.5,225.2,100,1725507501
55462,1979,2.54666e-05,0.990282,2.74857e-05,0.207474,0.256581,0.2,6.3,8.9,67.3,220.7,100,1725507501
55464,1978,2.53455e-05,0.990144,2.85829e-05,0.215381,0.22795,0.1,6.1,9.8,68.5,225.9,100,1725507501
55466,1978,2.50257e-05,0.989904,2.81143e-05,0.257042,0.247557,0.1,5.8,10.0,67.6,228.0,100,1725507501
55468,1964,2.58115e-05,0.990089,2.87886e-05,0.300482,0.212285,0.2,5.7,9.9,62.2,229.2,100,1725507501
55470,1957,2.52153e-05,0.990054,2.75314e-05,0.163027,0.270069,0.3,4.5,11.0,67.0,224.7,100,1725507501
55472,1952,2.47836e-05,0.990238,2.83886e-05,0.189878,0.242099,0.2,4.9,11.9,63.8,227.3,100,1725507501
55474,2011,2.44706e-05,0.990217,2.75771e-05,0.262636,0.266931,0.5,6.3,11.4,63.2,227.4,100,1725507501
55476,2001,2.60103e-05,0.990371,2.87543e-05,0.189592,0.229057,0.1,6.2,10.0,68.1,228.9,100,1725507501
55478,2011,2.551e-05,0.990463,2.79543e-05,0.23212,0.280144,0.6,5.8,8.4,66.7,231.0,100,1725507501
55480,1930,2.54369e-05,0.990511,2.82857e-05,0.259366,0.238321,0.5,7.5,10.4,66.7,225.0,100,1725507501
55482,2007,2.56082e-05,0.990497,2.78971e-05,0.230675,0.266078,0.2,6.3,10.2,61.2,226.6,100,1725507501
55484,1978,2.40617e-05,0.990255,2.67771e-05,0.302602,0.295351,0.6,4.9,8.7,64.1,223.5,100,1725507501
55486,1984,2.55945e-05,0.990206,2.79886e-05,0.226564,0.271826,0.1,6.7,9.6,68.2,226.7,100,1725507501
55488,1941,2.55671e-05,0.990189,2.81829e-05,0.249441,0.224426,0.4,6.7,9.3,65.6,224.9,100,1725507501
55490,1972,2.47379e-05,0.990301,2.90971e-05,0.169833,0.217971,0.2,5.5,10.7,67.2,229.3,100,1725507501
55492,1959,2.57293e-05,0.990284,2.69486e-05,0.206784,0.274121,0.2,6.0,11.6,66.5,227.5,100,1725507501
55494,1966,2.5325e-05,0.990125,2.73371e-05,0.287547,0.257299,0.6,7.3,9.4,64.5,229.0,100,1725507501
55496,1969,2.47858e-05,0.990172,2.75886e-05,0.2109,0.260056,0.4,5.0,10.7,69.0,233.0,100,1725507501
55498,1987,2.46214e-05,0.989889,2.84686e-05,0.221009,0.246739,0.5,5.5,9.6,62.5,228.9,100,1725507501
55500,1953,2.54529e-05,0.990079,2.87314e-05,0.196658,0.22024,0.1,5.5,9.9,70.1,236.2,100,1725507501
55502,1978,2.52975e-05,0.98987,2.8e-05,0.192907,0.234432,0.2,5.7,8.7,68.1,225.9,100,1725507501
55504,2020,2.53706e-05,0.989817,2.87657e-05,0.172808,0.23857,0.2,5.2,8.9,64.7,231.4,100,1725507501
55506,2009,2.52541e-05,0.98961,2.85257e-05,0.161818,0.254241,0.2,4.9,9.7,69.8,226.8,100,1725507501
55508,1969,2.5807e-05,0.989815,2.76914e-05,0.204216,0.249981,0.2,5.6,10.9,64.7,228.8,100,1725507501
55510,1981,2.52267e-05,0.98998,2.80686e-05,0.173338,0.237685,0.3,4.7,8.9,70.9,225.0,100,1725507501
55512,1972,2.42513e-05,0.990116,2.83086e-05,0.156742,0.262619,0.3,4.4,9.5,69.3,226.8,100,1725507501
55514,2007,2.49298e-05,0.990068,2.81714e-05,0.194405,0.227267,0.2,5.4,11.6,67.7,226.5,100,1725507501
55516,1963,2.5711e-05,0.990053,2.712e-05,0.149855,0.278612,0.1,4.1,9.3,70.3,221.2,100,1725507501
55518,1970,2.53478e-05,0.990371,2.81943e-05,0.190657,0.259366,0.4,4.1,9.7,67.3,231.0,100,1725507501
55520,2006,2.49595e-05,0.990042,2.84114e-05,0.222858,0.231209,0.6,5.5,10.5,67.4,226.3,100,1725507501
55522,1977,2.58846e-05,0.990444,2.80114e-05,0.189538,0.251118,0.2,4.4,8.5,67.5,226.6,100,1725507501
55524,1967,2.58047e-05,0.990288,2.77257e-05,0.177902,0.276834,0.1,5.3,8.0,66.4,226.0,100,1725507501
55526,1975,2.59486e-05,0.990254,2.85486e-05,0.207502,0.247286,0.2,5.7,9.7,69.5,235.1,100,1725507501
55528,1958,2.51285e-05,0.990154,2.84e-05,0.176931,0.250301,0.3,5.3,8.7,67.8,237.5,100,1725507501
55530,1985,2.51582e-05,0.990324,2.69257e-05,0.192441,0.26891,0.1,5.6,9.7,66.4,223.9,100,1725507501
55532,1983,2.48841e-05,0.990411,2.74286e-05,0.243974,0.258316,0.5,6.0,10.9,61.9,226.8,100,1725507501
55534,1957,2.55123e-05,0.990286,2.85714e-05,0.16529,0.249519,0.0,5.6,9.4,68.8,233.0,100,1725507501
55536,1982,2.56745e-05,0.990309,2.79771e-05,0.178291,0.245924,0.2,5.4,9.3,67.4,231.1,100,1725507501
55538,2002,2.52244e-05,0.990035,2.96e-05,0.222427,0.21822,0.3,6.4,8.8,67.5,234.2,100,1725507501
55540,1928,2.56608e-05,0.990082,2.83086e-05,0.233386,0.228779,0.2,6.6,8.2,67.5,224.6,100,1725507501
55542,1994,2.61017e-05,0.990185,2.78857e-05,0.220622,0.237396,0.3,7.0,9.4,64.8,224.1,100,1725507501
55544,1971,2.49709e-05,0.990269,2.76686e-05,0.269646,0.236313,0.5,7.5,9.8,62.0,227.3,100,1725507501
55546,1983,2.46099e-05,0.990175,2.80114e-05,0.210609,0.258817,0.5,6.0,9.9,68.4,220.7,100,1725507501
55548,1955,2.57407e-05,0.990063,2.816e-05,0.177279,0.256696,0.3,5.6,7.4,69.6,226.8,100,1725507501
55550,2003,2.54072e-05,0.989996,2.82743e-05,0.200191,0.247704,0.3,4.9,9.7,67.7,228.1,100,1725507501
55552,1976,2.49549e-05,0.98991,2.872e-05,0.15849,0.226957,0.0,5.6,9.4,66.2,228.0,100,1725507501
55554,1998,2.57453e-05,0.990249,2.72e-05,0.232401,0.24915,0.5,5.8,8.4,65.0,226.2,100,1725507501
55556,2001,2.52359e-05,0.990257,2.86514e-05,0.189862,0.226446,0.3,5.8,9.0,70.2,233.1,100,1725507501
55558,1991,2.5478e-05,0.990125,2.87314e-05,0.161398,0.249222,0.1,4.4,12.1,69.0,227.4,100,1725507501
55560,2015,2.6209e-05,0.990074,2.77829e-05,0.259436,0.237155,0.6,6.5,9.8,70.2,220.7,100,1725507501
55562,1987,2.55511e-05,0.990092,2.74057e-05,0.207367,0.261608,0.4,5.6,8.7,70.1,225.7,100,1725507501
55564,1982,2.62661e-05,0.989924,2.74057e-05,0.167791,0.267231,0.3,4.8,11.0,66.6,222.6,100,1725507501
55566,1965,2.55922e-05,0.990033,2.79543e-05,0.245871,0.240952,0.4,7.2,12.5,66.9,229.0,100,1725507501
55568,2002,2.551e-05,0.990087,2.75314e-05,0.17531,0.247564,0.3,4.7,8.9,67.7,226.6,100,1725507501
55570,2001,2.45665e-05,0.989924,2.75429e-05,0.125622,0.254249,0.0,4.9,8.8,65.2,229.7,100,1725507501
55572,1967,2.50143e-05,0.990103,2.86171e-05,0.163808,0.242157,0.1,5.2,9.1,67.5,225.8,100,1725507501
55574,1977,2.48589e-05,0.99031,2.88571e-05,0.141926,0.246096,0.1,4.4,10.2,66.8,231.5,100,1725507501
55576,1981,2.47767e-05,0.990406,2.77029e-05,0.161083,0.252496,0.4,4.8,7.9,66.6,224.1,100,1725507501
55578,1925,2.5341e-05,0.990508,2.78057e-05,0.173801,0.258601,0.1,4.9,10.9,68.1,224.5,100,1725507501
55580,2001,2.53181e-05,0.99042,2.78171e-05,0.140083,0.245235,0.1,5.5,7.7,67.7,228.8,100,1725507501
55582,2009,2.47333e-05,0.990307,2.85829e-05,0.219099,0.225986,0.6,5.2,9.2,70.2,224.8,100,1725507501
55584,1976,2.58732e-05,0.990016,2.85943e-05,0.179594,0.224896,0.1,5.5,11.6,68.9,232.0,100,1725507501
55586,1972,2.56996e-05,0.989983,2.76114e-05,0.194149,0.273585,0.2,4.9,8.6,66.8,233.4,100,1725507501
55588,1987,2.42216e-05,0.990206,2.80229e-05,0.176295,0.235922,0.5,4.4,8.9,66.3,234.0,100,1725507501
55590,1938,2.53135e-05,0.990233,2.8e-05,0.183791,0.251098,0.4,5.4,9.7,64.2,228.5,100,1725507501
55592,1974,2.62136e-05,0.990211,2.84114e-05,0.214085,0.239733,0.4,5.8,9.7,71.0,234.6,100,1725507501
55594,1977,2.5012e-05,0.990311,2.77714e-05,0.231065,0.257243,0.5,6.1,8.8,68.0,223.2,100,1725507501
55596,1975,2.57567e-05,0.990193,2.69486e-05,0.159543,0.253529,0.1,4.1,9.5,65.8,229.7,100,1725507501
55598,1963,2.62776e-05,0.990085,2.74286e-05,0.226936,0.223294,0.4,5.5,8.5,67.7,228.5,100,1725507501
55600,1990,2.45231e-05,0.990356,2.75429e-05,0.155623,0.261879,0.1,5.2,11.1,65.7,226.5,100,1725507501
