Year,popSizeP1,PiP1,FitnessP1,meanHetP1,BP1,FROHP1,avgvStrDelP1,avgStrDelP1,avgModDelP1,avgWkDelP1,avgNeutP1,KCrater,Seed
54000,4990,2.51559e-05,0.990282,2.64229e-05,0.299413,0.268853,0.4,5.0,9.0,59.0,186.8,100,1815131561
54002,4953,2.4016e-05,0.990279,2.66514e-05,0.425796,0.281459,0.9,6.0,12.3,60.6,192.3,100,1815131561
54004,4983,2.43267e-05,0.990406,2.72229e-05,0.324624,0.269023,0.5,6.0,8.6,60.3,190.5,100,1815131561
54006,4971,2.46122e-05,0.990421,2.66857e-05,0.298271,0.266791,0.5,6.9,10.5,66.2,186.5,100,1815131561
54008,4921,2.48749e-05,0.990294,2.61029e-05,0.18206,0.284558,0.2,5.6,8.1,58.1,194.2,100,1815131561
54010,5024,2.36231e-05,0.99026,2.664e-05,0.193776,0.282161,0.2,5.0,9.3,61.7,194.9,100,1815131561
54012,5003,2.40845e-05,0.990329,2.72e-05,0.162915,0.242974,0.3,4.7,8.4,65.0,186.1,100,1815131561
54014,4917,2.35979e-05,0.99051,2.66286e-05,0.36029,0.231498,0.6,6.2,10.0,61.3,191.8,100,1815131561
54016,4970,2.37556e-05,0.990625,2.59429e-05,0.312711,0.254244,0.5,4.5,9.0,62.8,189.8,100,1815131561
54018,5001,2.42444e-05,0.990722,2.66971e-05,0.307013,0.254426,0.3,5.8,9.5,63.1,187.3,100,1815131561
54020,4946,2.41234e-05,0.990603,2.69829e-05,0.369953,0.262723,0.4,4.8,10.9,62.5,190.3,100,1815131561
54022,5016,2.42924e-05,0.990674,2.64686e-05,0.363878,0.282859,0.8,5.5,9.6,60.9,190.8,100,1815131561
54024,5014,2.38469e-05,0.990612,2.68e-05,0.298002,0.25775,0.5,5.5,10.6,64.3,192.7,100,1815131561
54026,4973,2.43358e-05,0.990421,2.71543e-05,0.249362,0.272129,0.3,6.5,8.8,63.5,188.0,100,1815131561
54028,4956,2.40069e-05,0.990454,2.71314e-05,0.348496,0.259335,0.4,6.2,9.4,62.9,195.3,100,1815131561
54030,4919,2.55328e-05,0.990369,2.69257e-05,0.213802,0.267609,0.2,5.6,9.8,60.4,193.5,100,1815131561
54032,4940,2.43884e-05,0.990454,2.72686e-05,0.296034,0.260068,0.2,5.5,9.1,59.7,194.6,100,1815131561
54034,4914,2.37647e-05,0.990391,2.776e-05,0.298651,0.22552,0.4,4.6,10.8,63.8,191.5,100,1815131561
54036,4958,2.33558e-05,0.990481,2.67543e-05,0.301346,0.245336,0.3,5.2,10.6,65.2,193.7,100,1815131561
54038,4943,2.43998e-05,0.990364,2.66057e-05,0.235347,0.257178,0.5,5.0,9.6,57.1,190.2,100,1815131561
54040,4912,2.42102e-05,0.990319,2.6e-05,0.272092,0.292111,0.2,4.2,10.0,63.5,187.1,100,1815131561
54042,4947,2.34746e-05,0.990359,2.74286e-05,0.246449,0.246292,0.7,5.5,10.0,60.9,194.4,100,1815131561
54044,4979,2.44318e-05,0.99027,2.62629e-05,0.276849,0.267902,0.2,5.0,10.4,62.8,192.1,100,1815131561
54046,4922,2.4779e-05,0.990229,2.73029e-05,0.374152,0.251559,0.3,4.8,10.0,63.6,189.1,100,1815131561
54048,4906,2.4699e-05,0.990198,2.73371e-05,0.359318,0.273572,0.5,5.8,9.4,64.1,191.3,100,1815131561
54050,4947,2.37784e-05,0.99014,2.672e-05,0.215129,0.266667,0.4,5.9,10.8,58.3,187.0,100,1815131561
54052,4942,2.41416e-05,0.990092,2.61029e-05,0.274045,0.256745,0.5,7.0,8.9,59.7,191.5,100,1815131561
54054,4925,2.4169e-05,0.990202,2.72914e-05,0.217748,0.249761,0.4,5.9,9.4,60.3,190.5,100,1815131561
54056,4912,2.38469e-05,0.990236,2.67429e-05,0.243653,0.259343,0.2,5.8,10.9,60.5,185.9,100,1815131561
54058,4929,2.4169e-05,0.990136,2.64e-05,0.192788,0.285588,0.3,4.6,9.7,62.0,190.0,100,1815131561
54060,4936,2.4498e-05,0.990117,2.66057e-05,0.351725,0.275032,0.7,5.8,9.7,63.5,194.3,100,1815131561
54062,4974,2.43495e-05,0.990219,2.69486e-05,0.217352,0.275319,0.4,5.8,10.0,58.7,195.1,100,1815131561
54064,4913,2.41919e-05,0.990341,2.64229e-05,0.24024,0.240906,0.5,5.2,9.0,59.2,190.7,100,1815131561
54066,4994,2.36756e-05,0.990355,2.76343e-05,0.214,0.240308,0.4,5.5,10.5,63.0,193.5,100,1815131561
54068,4936,2.53432e-05,0.990263,2.69829e-05,0.319086,0.260983,0.4,5.2,8.4,63.9,191.4,100,1815131561
54070,4965,2.41828e-05,0.990156,2.70629e-05,0.195489,0.244648,0.1,5.7,10.4,60.5,193.3,100,1815131561
54072,4925,2.43015e-05,0.990146,2.76229e-05,0.262563,0.257391,0.4,6.6,10.8,63.7,194.4,100,1815131561
54074,4952,2.34061e-05,0.990108,2.68457e-05,0.37818,0.259534,0.5,4.7,10.7,60.9,190.7,100,1815131561
54076,4925,2.37304e-05,0.990162,2.74743e-05,0.425936,0.26409,0.6,5.5,10.0,64.9,193.2,100,1815131561
54078,4976,2.49846e-05,0.990087,2.72229e-05,0.372223,0.248817,0.6,6.7,9.3,61.4,192.1,100,1815131561
54080,4945,2.33718e-05,0.990152,2.72343e-05,0.352051,0.243583,0.5,6.4,9.8,64.1,192.6,100,1815131561
54082,4936,2.32758e-05,0.990141,2.62057e-05,0.380605,0.294449,0.5,4.4,9.0,65.8,190.1,100,1815131561
54084,4921,2.26728e-05,0.98998,2.63543e-05,0.272366,0.282955,0.6,6.2,7.2,66.1,186.5,100,1815131561
54086,4929,2.40708e-05,0.9901,2.69486e-05,0.144613,0.257998,0.3,4.6,9.5,58.5,193.8,100,1815131561
54088,4927,2.41234e-05,0.990138,2.71886e-05,0.248649,0.241804,0.3,5.7,10.5,67.0,191.2,100,1815131561
54090,4953,2.48018e-05,0.990194,2.69257e-05,0.240804,0.254994,0.5,6.0,8.7,62.4,190.1,100,1815131561
54092,4971,2.45871e-05,0.990114,2.61714e-05,0.317628,0.294827,0.5,5.5,11.3,60.5,186.7,100,1815131561
54094,4959,2.37099e-05,0.990203,2.64457e-05,0.321254,0.270254,0.4,5.0,9.2,63.2,189.4,100,1815131561
54096,4968,2.37601e-05,0.990261,2.664e-05,0.179968,0.269602,0.1,4.5,9.7,60.5,188.0,100,1815131561
54098,4955,2.43107e-05,0.990273,2.63086e-05,0.331345,0.275788,0.4,6.0,9.9,62.0,193.5,100,1815131561
54100,4905,2.38058e-05,0.990249,2.70171e-05,0.478543,0.266537,0.6,7.9,9.7,61.9,190.9,100,1815131561
54102,5045,2.26385e-05,0.990259,2.68457e-05,0.165325,0.266029,0.2,5.6,9.5,63.8,201.1,100,1815131561
54104,4962,2.40937e-05,0.990115,2.66286e-05,0.433364,0.264671,0.6,5.4,8.7,65.4,200.2,100,1815131561
54106,4971,2.48224e-05,0.990134,2.672e-05,0.276274,0.251796,0.1,5.5,9.4,65.5,191.5,100,1815131561
54108,4977,2.44089e-05,0.990021,2.696e-05,0.212635,0.270525,0.2,5.7,9.3,60.1,196.3,100,1815131561
54110,4877,2.42536e-05,0.989999,2.72571e-05,0.42026,0.270443,0.6,6.3,9.9,62.8,189.1,100,1815131561
54112,4923,2.32964e-05,0.990019,2.808e-05,0.163923,0.234276,0.3,4.8,10.2,65.0,199.8,100,1815131561
54114,4985,2.43335e-05,0.990224,2.656e-05,0.362019,0.273865,0.3,4.6,9.9,62.3,191.6,100,1815131561
54116,4962,2.43769e-05,0.990151,2.74057e-05,0.4704,0.253243,0.6,7.4,9.5,62.7,194.3,100,1815131561
54118,4994,2.35157e-05,0.990175,2.67086e-05,0.227742,0.270819,0.5,5.3,9.2,67.8,191.8,100,1815131561
54120,4926,2.40822e-05,0.990052,2.66629e-05,0.173796,0.269169,0.1,5.6,11.6,63.5,187.0,100,1815131561
54122,4952,2.42947e-05,0.990145,2.79314e-05,0.257055,0.245675,0.4,6.4,8.9,63.8,199.9,100,1815131561
54124,4927,2.41348e-05,0.990108,2.68914e-05,0.182769,0.256179,0.4,4.9,11.0,63.5,193.9,100,1815131561
54126,4926,2.41485e-05,0.990121,2.712e-05,0.257304,0.266032,0.5,5.8,10.3,63.4,196.6,100,1815131561
54128,4903,2.45049e-05,0.990115,2.71657e-05,0.183861,0.277904,0.2,5.4,9.0,63.2,194.4,100,1815131561
54130,4908,2.4578e-05,0.990177,2.72914e-05,0.18738,0.247143,0.3,5.1,9.2,64.3,192.5,100,1815131561
54132,4936,2.41462e-05,0.99023,2.71657e-05,0.213155,0.24581,0.4,4.0,9.6,60.0,197.2,100,1815131561
54134,4933,2.50074e-05,0.99035,2.59543e-05,0.172341,0.269558,0.2,5.2,8.4,59.2,193.4,100,1815131561
54136,4879,2.35066e-05,0.99026,2.66171e-05,0.445108,0.274741,0.6,5.3,9.1,62.5,196.7,100,1815131561
54138,4910,2.42513e-05,0.990381,2.66514e-05,0.344742,0.276685,0.6,5.5,8.4,61.3,196.0,100,1815131561
54140,4906,2.47173e-05,0.990354,2.70514e-05,0.422373,0.231313,0.6,5.8,10.4,62.2,199.6,100,1815131561
54142,4906,2.37122e-05,0.990417,2.68457e-05,0.223768,0.286908,0.3,5.4,9.3,61.3,196.9,100,1815131561
54144,4946,2.37327e-05,0.990481,2.74629e-05,0.1909,0.250429,0.3,4.7,10.1,67.5,190.7,100,1815131561
54146,4989,2.38401e-05,0.990501,2.68457e-05,0.17636,0.275487,0.1,5.5,11.1,61.3,194.7,100,1815131561
54148,4934,2.41668e-05,0.990369,2.73371e-05,0.2434,0.254417,0.5,5.5,9.8,67.1,188.5,100,1815131561
54150,4923,2.43815e-05,0.990269,2.63886e-05,0.209674,0.269476,0.5,4.7,9.4,61.9,192.0,100,1815131561
54152,4927,2.42033e-05,0.990129,2.58971e-05,0.380341,0.2763,0.6,5.8,8.9,63.2,183.4,100,1815131561
54154,4959,2.45551e-05,0.9902,2.59771e-05,0.21309,0.30099,0.3,5.5,9.0,60.9,193.5,100,1815131561
54156,4984,2.4434e-05,0.990202,2.72914e-05,0.208714,0.266566,0.4,5.2,9.5,63.9,193.1,100,1815131561
54158,4945,2.4329e-05,0.990257,2.72e-05,0.232765,0.254125,0.4,5.3,11.5,61.7,194.2,100,1815131561
54160,4973,2.45825e-05,0.990276,2.66514e-05,0.190691,0.277415,0.3,4.9,9.0,59.3,191.3,100,1815131561
54162,5000,2.52724e-05,0.990277,2.68686e-05,0.281683,0.253474,0.4,6.3,9.7,62.7,188.5,100,1815131561
54164,5006,2.506e-05,0.990132,2.67886e-05,0.27847,0.256898,0.2,4.6,9.0,62.5,193.7,100,1815131561
54166,4945,2.41462e-05,0.990064,2.752e-05,0.366359,0.253606,0.3,4.9,9.3,67.7,194.1,100,1815131561
54168,4943,2.30702e-05,0.990192,2.68114e-05,0.365795,0.25959,0.6,6.9,8.3,63.0,192.5,100,1815131561
54170,4876,2.39246e-05,0.990247,2.67429e-05,0.186238,0.240159,0.1,5.4,10.1,61.7,186.1,100,1815131561
54172,4977,2.47858e-05,0.990189,2.74971e-05,0.203967,0.258313,0.2,5.7,10.7,62.2,192.8,100,1815131561
54174,4969,2.35317e-05,0.990198,2.68457e-05,0.229038,0.273189,0.1,6.5,11.4,65.9,189.8,100,1815131561
54176,4873,2.40914e-05,0.990174,2.68114e-05,0.331599,0.29685,0.4,5.3,12.0,61.3,190.7,100,1815131561
54178,4984,2.43335e-05,0.99019,2.67886e-05,0.199595,0.284248,0.2,5.1,9.3,63.8,192.3,100,1815131561
54180,5004,2.3968e-05,0.990102,2.70171e-05,0.314061,0.243018,0.5,5.8,10.9,63.9,192.9,100,1815131561
54182,4941,2.33969e-05,0.990213,2.67086e-05,0.209219,0.25142,0.3,5.7,8.6,64.2,192.2,100,1815131561
54184,5004,2.44569e-05,0.990333,2.70514e-05,0.194016,0.280463,0.0,6.0,10.8,56.4,192.2,100,1815131561
54186,4937,2.44592e-05,0.990266,2.67086e-05,0.179323,0.270807,0.2,4.2,9.6,59.9,186.4,100,1815131561
54188,4993,2.39635e-05,0.990342,2.76229e-05,0.282681,0.265492,0.1,5.3,11.8,62.1,192.3,100,1815131561
54190,4928,2.4562e-05,0.990377,2.74057e-05,0.265827,0.238653,0.5,5.7,8.8,63.6,194.5,100,1815131561
54192,4967,2.46031e-05,0.990255,2.68914e-05,0.234351,0.280539,0.3,6.3,10.1,63.4,191.2,100,1815131561
54194,4978,2.47424e-05,0.990243,2.70514e-05,0.248148,0.248495,0.6,5.4,8.7,63.3,197.2,100,1815131561
54196,4921,2.46511e-05,0.990248,2.65714e-05,0.273278,0.269261,0.3,6.1,11.6,60.9,184.9,100,1815131561
54198,5019,2.40251e-05,0.990271,2.66971e-05,0.276986,0.281544,0.2,8.0,10.0,67.9,190.9,100,1815131561
54200,4959,2.48818e-05,0.990299,2.67543e-05,0.279969,0.280136,0.3,7.2,7.9,62.3,191.0,100,1815131561
54202,4901,2.42467e-05,0.990191,2.62514e-05,0.315669,0.295946,0.3,6.0,10.7,59.3,196.9,100,1815131561
54204,4995,2.46351e-05,0.990229,2.70171e-05,0.249606,0.23616,0.3,5.7,10.9,62.1,187.7,100,1815131561
54206,4868,2.35979e-05,0.990308,2.648e-05,0.316324,0.261379,0.7,6.5,9.5,62.9,192.5,100,1815131561
54208,4903,2.46602e-05,0.990227,2.66857e-05,0.260552,0.273896,0.4,5.7,10.6,61.7,196.3,100,1815131561
54210,4890,2.38492e-05,0.990304,2.67314e-05,0.220509,0.272281,0.1,6.3,8.6,61.1,192.6,100,1815131561
54212,4911,2.41234e-05,0.990181,2.70971e-05,0.289217,0.264045,0.3,5.2,10.2,62.6,193.4,100,1815131561
54214,5002,2.43038e-05,0.990204,2.71086e-05,0.27533,0.257495,0.3,6.9,8.6,65.1,191.6,100,1815131561
54216,4944,2.43632e-05,0.990191,2.63771e-05,0.287129,0.271252,0.5,6.0,9.2,58.6,196.0,100,1815131561
54218,4968,2.41028e-05,0.990221,2.80571e-05,0.203697,0.247099,0.3,5.4,10.0,63.9,196.5,100,1815131561
54220,4958,2.3936e-05,0.990211,2.64343e-05,0.227057,0.292107,0.3,6.3,10.2,65.1,191.6,100,1815131561
54222,4955,2.39132e-05,0.990246,2.76457e-05,0.319257,0.239873,0.3,6.1,11.8,60.5,192.4,100,1815131561
54224,4965,2.44934e-05,0.990216,2.72914e-05,0.256441,0.270284,0.6,6.4,9.3,58.9,190.3,100,1815131561
54226,4951,2.36117e-05,0.990164,2.68229e-05,0.391465,0.24323,0.4,5.2,9.4,67.3,186.5,100,1815131561
54228,4930,2.44158e-05,0.990057,2.73143e-05,0.290473,0.269477,0.7,5.8,9.4,63.6,196.8,100,1815131561
54230,4929,2.33809e-05,0.990041,2.72686e-05,0.269972,0.256047,0.1,6.0,11.0,63.2,188.4,100,1815131561
54232,4971,2.44249e-05,0.989997,2.66171e-05,0.217038,0.276068,0.4,5.4,10.8,63.2,191.9,100,1815131561
54234,4928,2.44866e-05,0.99,2.66286e-05,0.189157,0.280797,0.2,4.2,9.7,63.6,188.2,100,1815131561
54236,4889,2.41713e-05,0.99007,2.66286e-05,0.222145,0.281206,0.2,5.3,9.8,60.2,191.8,100,1815131561
54238,4952,2.42056e-05,0.990133,2.63086e-05,0.185318,0.277773,0.2,5.5,9.8,64.5,193.9,100,1815131561
54240,4976,2.43746e-05,0.990008,2.70171e-05,0.370885,0.257849,0.6,5.9,10.3,61.6,192.7,100,1815131561
54242,4892,2.45094e-05,0.989887,2.63886e-05,0.327263,0.274361,0.6,5.9,10.7,63.6,185.0,100,1815131561
54244,4860,2.38332e-05,0.989983,2.73257e-05,0.271992,0.253982,0.3,6.6,10.0,65.4,188.3,100,1815131561
54246,4934,2.50463e-05,0.990079,2.67086e-05,0.161237,0.258861,0.0,5.6,9.3,60.4,190.0,100,1815131561
54248,4868,2.39406e-05,0.990012,2.74971e-05,0.191481,0.265092,0.1,5.8,9.6,61.0,196.2,100,1815131561
54250,4944,2.51102e-05,0.990055,2.71429e-05,0.195158,0.256846,0.2,5.7,9.6,60.9,191.4,100,1815131561
54252,5003,2.44957e-05,0.989972,2.68e-05,0.237541,0.249422,0.2,5.8,8.6,65.0,189.4,100,1815131561
54254,4940,2.33878e-05,0.990001,2.67657e-05,0.338604,0.278528,0.3,5.5,8.3,64.4,193.8,100,1815131561
54256,4952,2.35728e-05,0.990074,2.59886e-05,0.251118,0.285015,0.3,3.8,8.1,65.9,188.0,100,1815131561
54258,4992,2.39383e-05,0.990133,2.73143e-05,0.256646,0.255106,0.8,6.4,11.5,63.3,197.7,100,1815131561
54260,4978,2.44866e-05,0.989921,2.71886e-05,0.209739,0.261499,0.1,6.4,11.1,64.1,191.7,100,1815131561
54262,4927,2.44203e-05,0.989968,2.69486e-05,0.219284,0.262639,0.2,6.1,8.7,64.3,194.2,100,1815131561
54264,4862,2.4779e-05,0.990066,2.784e-05,0.196885,0.245644,0.3,5.4,9.8,64.3,196.6,100,1815131561
54266,4992,2.38652e-05,0.990075,2.66171e-05,0.262593,0.242418,0.5,6.3,8.8,63.0,190.1,100,1815131561
54268,4896,2.44272e-05,0.989934,2.78057e-05,0.408051,0.243423,0.6,7.5,10.5,66.8,200.6,100,1815131561
54270,4951,2.33649e-05,0.990028,2.71314e-05,0.316625,0.266065,0.4,5.7,10.0,62.5,205.3,100,1815131561
54272,4929,2.36551e-05,0.989979,2.62971e-05,0.426287,0.286274,0.3,6.3,10.2,65.2,195.4,100,1815131561
54274,4899,2.43769e-05,0.990121,2.70971e-05,0.23028,0.238192,0.3,6.6,10.5,62.5,195.5,100,1815131561
54276,5035,2.48498e-05,0.990088,2.62171e-05,0.177796,0.27532,0.4,4.9,9.9,60.3,188.5,100,1815131561
54278,4935,2.38058e-05,0.990136,2.78971e-05,0.257559,0.249757,0.7,6.0,9.6,62.0,198.1,100,1815131561
54280,4972,2.38447e-05,0.990132,2.73371e-05,0.341081,0.246214,0.5,5.6,9.0,62.6,195.4,100,1815131561
54282,5033,2.41919e-05,0.99015,2.69714e-05,0.217323,0.246294,0.1,5.7,10.5,68.0,192.4,100,1815131561
54284,4971,2.38035e-05,0.990061,2.65029e-05,0.259771,0.264378,0.4,6.0,8.6,61.1,190.2,100,1815131561
54286,4945,2.40891e-05,0.990032,2.672e-05,0.241362,0.252617,0.2,6.1,8.9,62.0,195.5,100,1815131561
54288,4887,2.37396e-05,0.989962,2.71429e-05,0.247795,0.253487,0.4,5.7,9.1,61.2,194.1,100,1815131561
54290,4961,2.41965e-05,0.989966,2.66743e-05,0.188154,0.294069,0.2,6.4,9.1,63.3,195.5,100,1815131561
54292,4911,2.48818e-05,0.990116,2.62514e-05,0.245974,0.257111,0.2,6.2,9.4,57.5,196.2,100,1815131561
54294,4898,2.45505e-05,0.990048,2.624e-05,0.25599,0.275699,0.6,5.7,8.7,60.3,188.7,100,1815131561
54296,4983,2.40297e-05,0.990037,2.66743e-05,0.205726,0.265141,0.3,5.8,8.9,64.6,190.6,100,1815131561
54298,4942,2.39543e-05,0.990128,2.76914e-05,0.24663,0.261617,0.2,6.6,10.1,63.8,194.2,100,1815131561
54300,4978,2.4683e-05,0.99001,2.70743e-05,0.209937,0.256078,0.4,5.3,9.1,60.8,190.2,100,1815131561
54302,4937,2.47858e-05,0.990207,2.74057e-05,0.226981,0.252252,0.2,5.5,11.0,63.4,198.4,100,1815131561
54304,5002,2.40548e-05,0.990264,2.72571e-05,0.230801,0.238243,0.5,5.4,10.7,62.6,194.2,100,1815131561
54306,4964,2.44226e-05,0.990232,2.55657e-05,0.222108,0.291362,0.4,4.1,10.0,61.6,191.8,100,1815131561
54308,4935,2.37533e-05,0.990275,2.68457e-05,0.248447,0.228557,0.3,6.4,9.4,58.0,191.1,100,1815131561
54310,4921,2.43495e-05,0.990403,2.73029e-05,0.292371,0.242427,0.8,6.2,10.4,66.7,191.2,100,1815131561
54312,4935,2.43175e-05,0.990382,2.66171e-05,0.170799,0.271346,0.1,4.9,10.7,60.9,196.4,100,1815131561
54314,4935,2.41759e-05,0.990271,2.68343e-05,0.192924,0.262155,0.2,5.2,8.8,61.5,195.5,100,1815131561
54316,4913,2.31205e-05,0.990315,2.59543e-05,0.209143,0.259538,0.3,5.5,8.7,61.7,190.1,100,1815131561
54318,4969,2.35797e-05,0.990297,2.608e-05,0.266721,0.273003,0.6,5.3,10.7,63.9,190.7,100,1815131561
54320,4954,2.46168e-05,0.990274,2.79886e-05,0.350904,0.256458,0.4,5.8,7.7,62.4,198.7,100,1815131561
54322,4923,2.33033e-05,0.990326,2.73943e-05,0.202325,0.287043,0.4,5.6,10.6,65.5,193.7,100,1815131561
54324,4936,2.3952e-05,0.990215,2.65714e-05,0.18939,0.266576,0.3,4.9,7.7,62.1,196.4,100,1815131561
54326,4939,2.41234e-05,0.990341,2.69486e-05,0.289588,0.285786,0.5,5.9,11.6,64.1,194.8,100,1815131561
54328,4987,2.40731e-05,0.990278,2.73829e-05,0.212823,0.258239,0.3,4.9,10.2,64.3,198.9,100,1815131561
54330,4949,2.44729e-05,0.990315,2.66057e-05,0.231567,0.269488,0.6,5.5,10.0,61.2,193.4,100,1815131561
54332,5006,2.48635e-05,0.990244,2.664e-05,0.179113,0.270367,0.1,4.8,9.0,63.2,199.2,100,1815131561
54334,4950,2.39817e-05,0.990144,2.624e-05,0.20003,0.27506,0.3,3.8,10.8,62.2,195.6,100,1815131561
54336,4893,2.48704e-05,0.989979,2.72457e-05,0.225732,0.259392,0.4,6.1,12.6,64.7,190.8,100,1815131561
54338,4970,2.35134e-05,0.990088,2.55429e-05,0.186137,0.279998,0.3,5.1,9.8,60.2,193.1,100,1815131561
54340,4978,2.30611e-05,0.989997,2.62857e-05,0.251218,0.25733,0.2,5.7,10.6,66.5,194.6,100,1815131561
54342,5030,2.38926e-05,0.989901,2.69714e-05,0.245363,0.280253,0.4,6.0,10.4,61.9,192.6,100,1815131561
54344,4859,2.4546e-05,0.990101,2.61943e-05,0.26507,0.28263,0.5,6.5,8.3,60.0,191.7,100,1815131561
54346,4937,2.48224e-05,0.990119,2.72e-05,0.274785,0.260416,0.5,6.5,9.6,63.7,192.7,100,1815131561
54348,4946,2.51102e-05,0.990154,2.68343e-05,0.243847,0.26602,0.2,6.6,8.9,65.3,192.1,100,1815131561
54350,4933,2.35157e-05,0.989999,2.69714e-05,0.226201,0.259114,0.3,5.7,9.4,64.3,195.5,100,1815131561
54352,4929,2.35979e-05,0.990153,2.76343e-05,0.241366,0.251666,0.5,5.4,9.8,65.7,190.0,100,1815131561
54354,4938,2.41005e-05,0.990206,2.69257e-05,0.199505,0.264428,0.3,5.7,10.3,64.6,196.1,100,1815131561
54356,4971,2.43975e-05,0.990104,2.71543e-05,0.236531,0.255922,0.3,6.7,9.2,64.7,190.0,100,1815131561
54358,4938,2.37944e-05,0.990035,2.696e-05,0.208497,0.262177,0.1,5.8,10.3,61.6,187.2,100,1815131561
54360,4964,2.54575e-05,0.990065,2.68914e-05,0.32392,0.251049,0.6,5.8,10.6,61.7,188.4,100,1815131561
54362,4877,2.39315e-05,0.990096,2.664e-05,0.292291,0.26248,0.2,7.0,9.2,61.9,194.6,100,1815131561
54364,4934,2.4249e-05,0.990196,2.73257e-05,0.45641,0.245912,0.7,8.2,10.8,64.8,190.9,100,1815131561
54366,4930,2.48612e-05,0.990091,2.65943e-05,0.296642,0.258518,0.4,7.1,10.7,60.4,191.1,100,1815131561
54368,4963,2.43541e-05,0.990117,2.6e-05,0.219038,0.276393,0.2,6.2,9.3,62.7,191.9,100,1815131561
54370,4955,2.44957e-05,0.990189,2.68343e-05,0.288854,0.274817,0.4,5.1,9.1,61.4,193.2,100,1815131561
54372,4992,2.46054e-05,0.990188,2.73143e-05,0.215374,0.256754,0.5,4.7,8.1,63.1,193.3,100,1815131561
54374,4933,2.45277e-05,0.990078,2.632e-05,0.211856,0.271122,0.3,6.3,10.0,62.2,191.7,100,1815131561
54376,4940,2.39246e-05,0.990099,2.73257e-05,0.239215,0.252636,0.4,5.2,10.1,63.1,196.1,100,1815131561
54378,5009,2.41142e-05,0.989876,2.68343e-05,0.324332,0.25658,0.5,6.0,9.0,62.1,194.1,100,1815131561
54380,4947,2.39383e-05,0.990018,2.70743e-05,0.220104,0.264413,0.4,4.2,11.3,62.1,191.0,100,1815131561
54382,4921,2.42467e-05,0.98997,2.73029e-05,0.208146,0.259776,0.2,6.6,11.1,61.0,194.5,100,1815131561
54384,4937,2.40731e-05,0.989902,2.72e-05,0.195635,0.238041,0.2,5.0,8.8,63.5,199.0,100,1815131561
54386,4959,2.41828e-05,0.989963,2.70057e-05,0.163779,0.281727,0.1,5.2,10.3,62.7,191.5,100,1815131561
54388,4933,2.35934e-05,0.990144,2.74286e-05,0.349478,0.247679,0.3,6.9,9.7,61.7,198.5,100,1815131561
54390,4901,2.4233e-05,0.990297,2.73371e-05,0.41389,0.256681,0.9,6.4,9.6,66.4,193.6,100,1815131561
54392,4938,2.44683e-05,0.990249,2.664e-05,0.425956,0.256619,0.4,6.9,9.0,62.5,200.4,100,1815131561
54394,4894,2.37898e-05,0.990236,2.64114e-05,0.309275,0.2856,0.7,6.6,9.6,65.9,191.8,100,1815131561
54396,4918,2.42239e-05,0.990232,2.60571e-05,0.232228,0.298216,0.2,5.6,8.6,61.4,198.9,100,1815131561
54398,4921,2.40731e-05,0.990338,2.71314e-05,0.278223,0.265215,0.4,5.9,10.0,60.5,189.5,100,1815131561
54400,4909,2.4498e-05,0.990192,2.68343e-05,0.295318,0.277626,0.5,6.5,8.7,62.4,189.2,100,1815131561
54402,4970,2.46374e-05,0.990236,2.688e-05,0.194597,0.272174,0.2,4.9,10.4,60.3,197.1,100,1815131561
54404,4892,2.44797e-05,0.990136,2.65714e-05,0.316969,0.263353,0.6,6.0,8.3,62.0,190.5,100,1815131561
54406,4919,2.54369e-05,0.990137,2.76914e-05,0.236154,0.276501,0.3,6.2,9.7,63.0,198.0,100,1815131561
54408,4953,2.49526e-05,0.990092,2.71086e-05,0.24876,0.251324,0.6,5.6,10.7,63.5,194.0,100,1815131561
54410,5005,2.40617e-05,0.989937,2.75429e-05,0.213315,0.261508,0.4,6.1,9.0,60.8,198.8,100,1815131561
54412,4968,2.37282e-05,0.989844,2.72343e-05,0.239567,0.266159,0.3,6.2,10.6,60.8,195.9,100,1815131561
54414,4956,2.36482e-05,0.989968,2.632e-05,0.261176,0.29202,0.4,6.7,9.1,65.8,191.9,100,1815131561
54416,4969,2.38881e-05,0.990114,2.65257e-05,0.296368,0.250449,0.3,7.5,10.7,62.1,187.2,100,1815131561
54418,4952,2.41873e-05,0.990041,2.744e-05,0.197426,0.25123,0.1,5.7,9.9,62.4,197.2,100,1815131561
54420,4911,2.36117e-05,0.990187,2.76571e-05,0.343163,0.263155,0.4,6.9,11.0,60.9,199.2,100,1815131561
54422,4947,2.49526e-05,0.990125,2.64114e-05,0.387148,0.282847,0.4,5.3,8.2,61.6,195.4,100,1815131561
54424,4999,2.38949e-05,0.990231,2.62171e-05,0.212934,0.283841,0.3,5.4,8.6,60.1,190.1,100,1815131561
54426,4978,2.45505e-05,0.990309,2.70743e-05,0.18946,0.257585,0.3,5.7,8.9,62.9,194.6,100,1815131561
54428,4990,2.41645e-05,0.990338,2.704e-05,0.33193,0.259209,0.4,6.7,7.7,63.4,192.0,100,1815131561
54430,4959,2.39863e-05,0.990361,2.75886e-05,0.210906,0.250816,0.4,5.6,8.3,65.5,194.4,100,1815131561
54432,4953,2.42239e-05,0.990263,2.61943e-05,0.300509,0.262851,0.5,5.5,8.8,63.8,187.8,100,1815131561
54434,4948,2.47721e-05,0.990269,2.74171e-05,0.19098,0.23736,0.1,5.8,10.7,61.5,199.4,100,1815131561
54436,4983,2.42079e-05,0.990262,2.71543e-05,0.328279,0.264004,0.8,5.1,10.3,60.2,187.4,100,1815131561
54438,5013,2.42353e-05,0.990202,2.73829e-05,0.234336,0.252239,0.2,6.3,10.1,65.2,196.7,100,1815131561
54440,4943,2.37967e-05,0.990212,2.67086e-05,0.203198,0.282363,0.5,4.5,10.4,65.7,191.0,100,1815131561
54442,4883,2.45711e-05,0.990219,2.688e-05,0.266214,0.277144,0.6,6.2,11.1,60.8,200.0,100,1815131561
54444,4930,2.45208e-05,0.990167,2.65143e-05,0.261048,0.28068,0.2,5.6,8.1,64.3,193.6,100,1815131561
54446,4996,2.45026e-05,0.990206,2.71543e-05,0.19955,0.263754,0.3,5.0,11.3,66.0,196.8,100,1815131561
54448,4932,2.53432e-05,0.99032,2.77943e-05,0.203334,0.240804,0.1,6.2,12.1,59.8,202.9,100,1815131561
54450,4929,2.41119e-05,0.990288,2.76e-05,0.308034,0.273689,0.4,7.6,9.8,62.8,195.4,100,1815131561
54452,4893,2.53113e-05,0.990148,2.69029e-05,0.274183,0.240355,0.5,6.3,11.0,65.7,186.3,100,1815131561
54454,4947,2.4297e-05,0.990125,2.72229e-05,0.302299,0.254363,0.4,6.0,9.0,61.4,197.3,100,1815131561
54456,4923,2.37601e-05,0.990029,2.74057e-05,0.193727,0.246453,0.3,5.6,9.0,59.4,203.4,100,1815131561
54458,4940,2.4e-05,0.989863,2.704e-05,0.179885,0.255128,0.2,5.7,10.6,63.4,192.1,100,1815131561
54460,4968,2.38058e-05,0.989833,2.70857e-05,0.223266,0.244941,0.3,5.7,8.7,67.2,189.2,100,1815131561
54462,4942,2.28921e-05,0.989989,2.76571e-05,0.237269,0.231477,0.4,5.3,10.9,63.9,194.1,100,1815131561
54464,4957,2.40251e-05,0.99001,2.66857e-05,0.268185,0.272259,0.4,5.5,11.3,65.9,185.4,100,1815131561
54466,4964,2.48772e-05,0.990034,2.736e-05,0.237798,0.279663,0.3,6.0,9.7,62.3,191.8,100,1815131561
54468,4943,2.36231e-05,0.990015,2.76114e-05,0.211888,0.244738,0.1,6.5,9.7,63.2,195.4,100,1815131561
54470,4969,2.44752e-05,0.989871,2.70743e-05,0.171122,0.265086,0.2,4.8,8.1,63.8,197.1,100,1815131561
54472,5004,2.50326e-05,0.989747,2.67543e-05,0.192672,0.258873,0.1,5.1,9.7,62.4,188.6,100,1815131561
54474,4957,2.41531e-05,0.989867,2.72229e-05,0.248939,0.276908,0.6,6.2,11.0,62.3,197.6,100,1815131561
54476,4956,2.36665e-05,0.989944,2.69257e-05,0.275391,0.269974,0.4,4.6,9.3,61.7,193.0,100,1815131561
54478,4911,2.38675e-05,0.989775,2.672e-05,0.215858,0.267927,0.1,5.3,10.0,62.7,194.8,100,1815131561
54480,4921,2.43975e-05,0.989929,2.72114e-05,0.37023,0.234227,0.5,6.0,10.9,64.8,197.2,100,1815131561
54482,5008,2.46488e-05,0.989928,2.712e-05,0.268089,0.270181,0.4,7.7,8.4,62.1,195.2,100,1815131561
54484,4995,2.38744e-05,0.989974,2.70057e-05,0.242446,0.253693,0.3,6.4,11.0,64.2,188.5,100,1815131561
54486,4964,2.5558e-05,0.990013,2.70857e-05,0.236183,0.278846,0.3,6.2,10.4,65.6,189.4,100,1815131561
54488,4947,2.39178e-05,0.989963,2.69486e-05,0.22542,0.254034,0.1,6.7,7.3,62.7,192.8,100,1815131561
54490,4926,2.40731e-05,0.98994,2.70971e-05,0.272314,0.261205,0.4,7.5,9.9,62.6,191.8,100,1815131561
54492,4985,2.40982e-05,0.989951,2.624e-05,0.300548,0.261438,0.5,5.2,10.7,58.7,191.7,100,1815131561
54494,4908,2.4763e-05,0.990092,2.68114e-05,0.187364,0.260337,0.3,5.1,8.2,63.6,197.1,100,1815131561
54496,4970,2.44295e-05,0.99013,2.68343e-05,0.199884,0.273527,0.2,5.4,9.1,61.0,189.9,100,1815131561
54498,4875,2.453e-05,0.990157,2.69371e-05,0.20441,0.275435,0.1,6.2,9.3,61.4,197.2,100,1815131561
54500,4921,2.38424e-05,0.989948,2.73829e-05,0.203171,0.276356,0.2,5.7,11.8,60.5,195.3,100,1815131561
54502,4964,2.42604e-05,0.990058,2.648e-05,0.224088,0.277196,0.6,5.4,8.8,61.9,188.6,100,1815131561
54504,4938,2.38355e-05,0.990102,2.69486e-05,0.26088,0.258941,0.5,5.8,10.6,62.8,196.2,100,1815131561
54506,4953,2.392e-05,0.989858,2.78971e-05,0.187123,0.254837,0.1,6.1,8.7,66.1,198.6,100,1815131561
54508,4935,2.47698e-05,0.989847,2.71429e-05,0.331772,0.269833,0.4,6.4,10.1,63.4,197.5,100,1815131561
54510,4902,2.47333e-05,0.990073,2.72457e-05,0.229775,0.255364,0.1,7.6,10.1,64.9,199.3,100,1815131561
54512,4994,2.42856e-05,0.990099,2.59314e-05,0.229993,0.290785,0.6,5.0,8.7,60.2,195.6,100,1815131561
54514,4978,2.47059e-05,0.990032,2.68686e-05,0.213922,0.277092,0.2,6.1,9.5,66.5,193.1,100,1815131561
54516,4900,2.41668e-05,0.990083,2.69486e-05,0.271054,0.271476,0.3,4.8,10.1,61.0,193.7,100,1815131561
54518,4993,2.42033e-05,0.99002,2.76571e-05,0.257969,0.240288,0.4,6.7,9.4,64.9,198.7,100,1815131561
54520,4938,2.41782e-05,0.990109,2.77371e-05,0.230721,0.271255,0.5,5.4,9.1,62.2,200.1,100,1815131561
54522,4932,2.42193e-05,0.989899,2.71771e-05,0.245731,0.257016,0.4,7.2,9.9,65.2,192.4,100,1815131561
54524,4888,2.42422e-05,0.989879,2.65143e-05,0.267939,0.278649,0.7,5.5,9.6,62.4,191.7,100,1815131561
54526,5003,2.37007e-05,0.989931,2.64686e-05,0.260228,0.271137,0.4,6.2,10.1,61.9,184.2,100,1815131561
54528,4967,2.40411e-05,0.989939,2.75886e-05,0.205398,0.263849,0.2,5.9,7.8,63.2,200.2,100,1815131561
54530,4945,2.43929e-05,0.989893,2.70514e-05,0.227153,0.274008,0.4,5.6,9.5,59.4,198.3,100,1815131561
54532,4900,2.47493e-05,0.989809,2.81486e-05,0.291241,0.238888,0.2,4.7,10.5,64.8,197.3,100,1815131561
54534,4956,2.408e-05,0.989856,2.80571e-05,0.207608,0.249538,0.3,6.5,8.9,64.9,195.9,100,1815131561
54536,4939,2.39863e-05,0.98987,2.69714e-05,0.277958,0.261244,0.3,5.3,8.3,63.1,192.1,100,1815131561
54538,4908,2.43746e-05,0.989986,2.62629e-05,0.206409,0.280006,0.1,6.5,9.1,61.1,190.6,100,1815131561
54540,4925,2.45939e-05,0.990064,2.64914e-05,0.25451,0.311612,0.3,6.6,9.7,60.1,192.7,100,1815131561
54542,4962,2.44066e-05,0.990108,2.73371e-05,0.259767,0.249004,0.3,6.4,8.6,63.6,198.6,100,1815131561
54544,4963,2.35111e-05,0.990069,2.736e-05,0.229777,0.262649,0.6,4.9,10.1,63.2,194.1,100,1815131561
54546,4927,2.36551e-05,0.989972,2.79086e-05,0.214432,0.248224,0.0,6.2,11.5,64.9,195.2,100,1815131561
54548,4965,2.40503e-05,0.990051,2.66971e-05,0.253791,0.267277,0.5,6.1,8.0,62.6,190.5,100,1815131561
54550,4952,2.38835e-05,0.989994,2.70629e-05,0.20143,0.25233,0.2,5.8,10.5,64.6,193.5,100,1815131561
54552,4940,2.38173e-05,0.990054,2.76457e-05,0.323068,0.269116,0.6,8.4,8.5,66.5,195.0,100,1815131561
54554,4967,2.53912e-05,0.990053,2.63771e-05,0.210815,0.282083,0.2,5.7,9.6,65.6,190.2,100,1815131561
54556,4966,2.49412e-05,0.990036,2.84343e-05,0.251671,0.254296,0.4,6.7,9.1,70.5,205.0,100,1815131561
54558,4958,2.3719e-05,0.989882,2.75086e-05,0.188742,0.273429,0.1,4.6,11.1,64.1,189.2,100,1815131561
54560,4946,2.44021e-05,0.989878,2.68914e-05,0.222545,0.264778,0.2,5.2,7.6,62.3,193.4,100,1815131561
54562,4954,2.37282e-05,0.989837,2.68114e-05,0.233683,0.262798,0.3,6.1,8.6,62.9,197.5,100,1815131561
54564,4928,2.33238e-05,0.989828,2.69029e-05,0.254846,0.269348,0.3,7.2,7.7,62.1,191.7,100,1815131561
54566,4901,2.35797e-05,0.989768,2.8e-05,0.360111,0.23885,0.7,6.1,10.3,63.1,194.9,100,1815131561
54568,4940,2.46122e-05,0.989771,2.69029e-05,0.287701,0.25738,0.3,7.3,9.8,63.7,197.0,100,1815131561
54570,5008,2.48133e-05,0.989995,2.704e-05,0.296327,0.265261,0.7,6.9,8.3,66.3,193.6,100,1815131561
54572,4958,2.43746e-05,0.989878,2.728e-05,0.27478,0.25178,0.8,5.5,10.7,62.0,195.2,100,1815131561
54574,4927,2.35797e-05,0.989945,2.71657e-05,0.198476,0.269373,0.1,5.6,11.1,64.2,195.8,100,1815131561
54576,4994,2.39566e-05,0.989862,2.672e-05,0.210252,0.266574,0.2,5.5,9.0,58.8,190.9,100,1815131561
54578,4963,2.50828e-05,0.989935,2.704e-05,0.256752,0.24216,0.5,5.5,10.0,61.0,193.0,100,1815131561
54580,5017,2.39246e-05,0.989925,2.74857e-05,0.215162,0.261214,0.2,5.4,9.1,63.1,197.2,100,1815131561
54582,4981,2.51559e-05,0.989904,2.62629e-05,0.188989,0.275279,0.1,5.5,8.2,64.2,193.1,100,1815131561
54584,4970,2.38721e-05,0.989881,2.72457e-05,0.25975,0.281724,0.4,6.4,8.0,66.2,197.3,100,1815131561
54586,5013,2.46099e-05,0.989909,2.70286e-05,0.429667,0.269117,0.9,6.7,9.0,64.9,199.9,100,1815131561
54588,4949,2.44272e-05,0.989811,2.72343e-05,0.331999,0.259451,0.4,6.1,10.0,65.8,188.6,100,1815131561
54590,4953,2.40548e-05,0.98998,2.672e-05,0.241622,0.273535,0.4,5.6,9.2,66.4,194.3,100,1815131561
54592,4916,2.46853e-05,0.989979,2.69829e-05,0.301445,0.274275,0.2,5.7,10.7,65.0,193.0,100,1815131561
54594,4911,2.37601e-05,0.989971,2.74629e-05,0.221952,0.245116,0.2,5.7,11.0,67.6,192.6,100,1815131561
54596,4921,2.45688e-05,0.989946,2.71314e-05,0.232586,0.264108,0.4,5.8,10.3,63.8,193.6,100,1815131561
54598,4966,2.41782e-05,0.98975,2.78743e-05,0.247779,0.259427,0.3,6.1,9.9,64.2,189.6,100,1815131561
54600,4971,2.43449e-05,0.989802,2.66057e-05,0.225582,0.261136,0.4,4.6,9.7,62.5,200.0,100,1815131561
54602,4970,2.4811e-05,0.989986,2.73371e-05,0.268365,0.273653,0.5,5.9,11.8,62.9,196.0,100,1815131561
54604,4933,2.51148e-05,0.99016,2.75886e-05,0.35818,0.240014,0.4,7.1,11.7,63.0,195.4,100,1815131561
54606,4955,2.38058e-05,0.989966,2.74857e-05,0.356778,0.28256,0.4,6.3,10.4,62.4,196.0,100,1815131561
54608,4940,2.46122e-05,0.989947,2.74171e-05,0.224586,0.246962,0.3,5.8,9.0,63.1,196.8,100,1815131561
54610,4966,2.43815e-05,0.989908,2.71771e-05,0.261921,0.266573,0.2,4.7,10.6,61.0,189.2,100,1815131561
54612,4978,2.36345e-05,0.989904,2.736e-05,0.188124,0.253425,0.1,5.1,9.7,63.6,197.9,100,1815131561
54614,4998,2.36231e-05,0.989779,2.74857e-05,0.259521,0.269918,0.2,7.1,9.9,66.6,197.3,100,1815131561
54616,4941,2.36231e-05,0.989708,2.69714e-05,0.226806,0.277367,0.1,6.3,9.3,64.3,188.0,100,1815131561
54618,4889,2.4201e-05,0.989714,2.68686e-05,0.37773,0.283598,0.6,7.0,9.2,65.2,191.7,100,1815131561
54620,4962,2.4169e-05,0.989822,2.728e-05,0.340143,0.258795,0.4,5.8,9.1,65.9,192.6,100,1815131561
54622,5004,2.40731e-05,0.989834,2.6e-05,0.218198,0.297402,0.3,5.5,9.7,64.6,191.7,100,1815131561
54624,4928,2.47836e-05,0.989864,2.73714e-05,0.198734,0.263171,0.3,5.6,10.0,65.3,195.3,100,1815131561
54626,4963,2.42741e-05,0.989913,2.71657e-05,0.244133,0.272029,0.2,7.2,9.8,64.2,192.4,100,1815131561
54628,4903,2.36688e-05,0.989894,2.71314e-05,0.260032,0.268711,0.2,6.3,7.0,65.8,195.5,100,1815131561
54630,4929,2.50188e-05,0.989978,2.71886e-05,0.31028,0.267883,0.5,7.2,10.5,65.9,197.0,100,1815131561
54632,4962,2.52838e-05,0.98994,2.65943e-05,0.168847,0.260828,0.1,4.9,9.7,61.7,196.9,100,1815131561
54634,4885,2.36299e-05,0.989986,2.67886e-05,0.19976,0.257019,0.1,5.7,10.6,61.0,190.0,100,1815131561
54636,5009,2.41599e-05,0.990043,2.74057e-05,0.206827,0.236061,0.2,5.3,10.2,65.2,195.7,100,1815131561
54638,4973,2.40503e-05,0.98995,2.72229e-05,0.169442,0.282633,0.0,5.5,9.6,65.0,194.4,100,1815131561
54640,4947,2.3052e-05,0.989957,2.61943e-05,0.182994,0.256144,0.2,5.0,8.6,61.3,193.8,100,1815131561
54642,4863,2.43061e-05,0.989901,2.77486e-05,0.33972,0.252066,0.3,7.4,9.4,63.1,194.5,100,1815131561
54644,4867,2.49001e-05,0.989878,2.70286e-05,0.165149,0.256546,0.2,5.0,8.7,61.0,194.6,100,1815131561
54646,4999,2.42856e-05,0.989925,2.69029e-05,0.253626,0.267358,0.4,6.8,9.8,63.2,189.3,100,1815131561
54648,4905,2.46054e-05,0.989896,2.65486e-05,0.206774,0.260701,0.2,5.4,9.9,61.3,196.6,100,1815131561
54650,4938,2.47721e-05,0.989887,2.63543e-05,0.192292,0.261957,0.2,5.2,8.7,63.0,193.9,100,1815131561
54652,4923,2.45117e-05,0.989823,2.68229e-05,0.344965,0.29742,0.4,6.7,10.1,65.4,186.0,100,1815131561
54654,4941,2.43884e-05,0.989798,2.67086e-05,0.226713,0.282064,0.3,5.2,10.9,63.4,191.5,100,1815131561
54656,4956,2.36573e-05,0.989628,2.79314e-05,0.347494,0.238768,0.5,5.3,10.2,64.0,202.6,100,1815131561
54658,4911,2.45574e-05,0.989685,2.69257e-05,0.212534,0.279567,0.2,6.1,9.5,66.2,189.8,100,1815131561
54660,4984,2.35934e-05,0.989655,2.79657e-05,0.184494,0.239052,0.0,5.3,10.5,64.6,196.0,100,1815131561
54662,4926,2.39635e-05,0.989668,2.67429e-05,0.300027,0.251734,0.3,5.9,8.3,63.2,188.9,100,1815131561
54664,4930,2.36459e-05,0.989603,2.74629e-05,0.174831,0.25537,0.0,5.2,10.6,64.9,196.2,100,1815131561
54666,4992,2.47219e-05,0.989598,2.77943e-05,0.248128,0.238694,0.4,5.7,9.9,62.2,197.5,100,1815131561
54668,4918,2.42422e-05,0.989732,2.632e-05,0.223514,0.286546,0.4,5.7,9.7,62.8,193.3,100,1815131561
54670,4929,2.47105e-05,0.989741,2.71314e-05,0.220045,0.250051,0.2,5.9,10.2,62.8,189.5,100,1815131561
54672,4927,2.36551e-05,0.98967,2.74514e-05,0.250444,0.273682,0.2,6.6,9.9,63.8,189.6,100,1815131561
54674,4903,2.48429e-05,0.989567,2.664e-05,0.191932,0.261288,0.2,5.6,10.8,64.4,194.4,100,1815131561
54676,4902,2.44158e-05,0.989771,2.70057e-05,0.16403,0.282981,0.0,5.7,9.5,62.7,196.2,100,1815131561
54678,4977,2.43861e-05,0.989796,2.776e-05,0.338639,0.237193,0.7,6.0,10.2,67.5,201.0,100,1815131561
54680,4936,2.45917e-05,0.989909,2.67086e-05,0.178875,0.266769,0.0,6.1,10.9,63.4,199.5,100,1815131561
54682,4878,2.43312e-05,0.989701,2.632e-05,0.190243,0.277933,0.1,5.6,10.6,64.2,193.4,100,1815131561
54684,4923,2.50485e-05,0.989852,2.65714e-05,0.227625,0.27628,0.2,5.7,10.2,67.3,196.7,100,1815131561
54686,4996,2.42262e-05,0.989775,2.752e-05,0.337501,0.232687,0.4,6.1,11.9,65.5,191.5,100,1815131561
54688,4909,2.34198e-05,0.989754,2.71886e-05,0.205972,0.240184,0.1,5.3,10.2,64.7,190.3,100,1815131561
54690,4944,2.44432e-05,0.98964,2.68457e-05,0.178859,0.265846,0.1,4.7,8.7,63.0,199.5,100,1815131561
54692,4906,2.38081e-05,0.989522,2.60571e-05,0.172211,0.281304,0.1,4.5,10.8,62.0,191.5,100,1815131561
54694,4926,2.40411e-05,0.989571,2.73371e-05,0.28806,0.239727,0.1,6.1,8.3,62.0,192.0,100,1815131561
54696,4904,2.46579e-05,0.989549,2.72114e-05,0.204668,0.244106,0.3,6.1,10.6,64.1,197.1,100,1815131561
54698,4939,2.34609e-05,0.989515,2.616e-05,0.158368,0.275387,0.0,4.5,8.1,60.8,194.2,100,1815131561
54700,4958,2.36345e-05,0.989648,2.66743e-05,0.226904,0.264105,0.1,6.4,8.0,67.3,193.2,100,1815131561
54702,4940,2.49298e-05,0.989778,2.76e-05,0.287098,0.283237,0.3,5.5,10.8,64.9,191.3,100,1815131561
54704,4941,2.40525e-05,0.989776,2.648e-05,0.174265,0.276309,0.0,5.7,9.3,62.7,193.7,100,1815131561
54706,4928,2.55603e-05,0.989664,2.67543e-05,0.297335,0.25733,0.1,6.2,8.3,64.0,192.1,100,1815131561
54708,4924,2.48772e-05,0.9898,2.68686e-05,0.237674,0.250795,0.4,5.6,7.9,65.4,191.7,100,1815131561
54710,4950,2.51445e-05,0.989946,2.72457e-05,0.226112,0.264025,0.3,5.9,10.8,64.3,192.7,100,1815131561
54712,4906,2.44683e-05,0.989899,2.73143e-05,0.203384,0.276082,0.0,6.8,8.9,65.2,190.9,100,1815131561
54714,4962,2.42559e-05,0.989843,2.752e-05,0.260759,0.25452,0.3,6.4,12.0,66.6,195.8,100,1815131561
54716,4919,2.41439e-05,0.989717,2.72914e-05,0.205592,0.27082,0.0,6.7,11.6,64.9,190.8,100,1815131561
54718,4937,2.48041e-05,0.98974,2.74286e-05,0.188543,0.241771,0.0,5.8,10.7,61.7,199.7,100,1815131561
54720,4989,2.43815e-05,0.989709,2.65829e-05,0.212488,0.287159,0.2,6.1,10.8,61.8,190.3,100,1815131561
54722,4901,2.4562e-05,0.989786,2.696e-05,0.231245,0.279506,0.2,5.8,10.2,60.2,194.5,100,1815131561
54724,4900,2.46785e-05,0.989865,2.65257e-05,0.189879,0.243549,0.0,6.1,10.5,61.6,187.4,100,1815131561
54726,4938,2.50531e-05,0.989901,2.70629e-05,0.245722,0.284042,0.3,6.2,9.5,59.8,190.7,100,1815131561
54728,4958,2.44934e-05,0.990005,2.704e-05,0.248211,0.289318,0.4,5.6,10.6,62.2,199.6,100,1815131561
54730,4909,2.48224e-05,0.989942,2.74171e-05,0.309269,0.25109,0.3,6.9,10.2,64.0,195.6,100,1815131561
54732,4974,2.38972e-05,0.989965,2.76e-05,0.257374,0.273297,0.2,6.2,8.9,64.1,191.0,100,1815131561
54734,4933,2.4233e-05,0.989797,2.67886e-05,0.208289,0.276657,0.2,5.7,9.3,60.5,191.9,100,1815131561
54736,4922,2.39543e-05,0.98973,2.72114e-05,0.172389,0.241513,0.1,5.2,9.5,65.5,188.4,100,1815131561
54738,4989,2.40594e-05,0.989559,2.664e-05,0.370181,0.27682,0.3,7.2,9.4,59.2,192.4,100,1815131561
54740,4966,2.4281e-05,0.989574,2.68114e-05,0.294758,0.263872,0.6,6.7,9.3,64.3,189.7,100,1815131561
54742,4899,2.50965e-05,0.989513,2.71657e-05,0.222822,0.252146,0.1,6.5,9.9,62.6,193.1,100,1815131561
54744,4925,2.42353e-05,0.98941,2.65943e-05,0.184306,0.270908,0.2,5.2,10.0,64.1,189.4,100,1815131561
54746,4975,2.42559e-05,0.989541,2.72571e-05,0.23703,0.261872,0.0,6.4,10.4,61.1,192.3,100,1815131561
54748,5009,2.40594e-05,0.989642,2.728e-05,0.194906,0.257449,0.1,5.6,11.3,62.6,194.4,100,1815131561
54750,4993,2.41508e-05,0.98962,2.73714e-05,0.248592,0.259412,0.3,7.0,11.1,62.4,201.6,100,1815131561
54752,4905,2.49503e-05,0.989562,2.67771e-05,0.199057,0.280298,0.1,5.9,9.8,63.1,192.9,100,1815131561
54754,4934,2.38287e-05,0.989699,2.75543e-05,0.238818,0.27737,0.4,5.9,8.7,65.4,190.9,100,1815131561
54756,4930,2.38173e-05,0.989686,2.664e-05,0.182868,0.286124,0.1,5.2,8.9,62.7,191.0,100,1815131561
54758,4958,2.45186e-05,0.989538,2.82857e-05,0.325056,0.217785,0.2,6.8,10.5,65.5,198.8,100,1815131561
54760,4933,2.52313e-05,0.989468,2.79886e-05,0.243802,0.237143,0.1,7.0,10.4,63.9,192.6,100,1815131561
54762,4923,2.40023e-05,0.989577,2.63314e-05,0.202346,0.268734,0.3,5.9,10.3,62.5,189.9,100,1815131561
54764,4954,2.41485e-05,0.989582,2.69029e-05,0.175164,0.256726,0.1,5.7,9.6,61.2,195.9,100,1815131561
54766,4943,2.49572e-05,0.989673,2.712e-05,0.262274,0.261414,0.5,6.8,9.9,64.0,193.2,100,1815131561
54768,4965,2.47356e-05,0.989648,2.62971e-05,0.249208,0.270352,0.1,4.8,7.9,59.3,190.6,100,1815131561
54770,4977,2.47584e-05,0.989735,2.68114e-05,0.234752,0.257209,0.3,6.5,9.1,64.6,187.9,100,1815131561
54772,4916,2.44797e-05,0.989652,2.68114e-05,0.189013,0.247971,0.3,5.0,10.0,64.1,192.8,100,1815131561
54774,4956,2.40206e-05,0.989578,2.69943e-05,0.299448,0.244087,0.3,6.0,9.3,60.8,193.4,100,1815131561
54776,5032,2.41074e-05,0.989649,2.64114e-05,0.286895,0.297224,0.2,7.0,9.0,64.7,190.3,100,1815131561
54778,4946,2.50417e-05,0.989744,2.62171e-05,0.178546,0.276267,0.2,5.1,8.7,63.5,189.1,100,1815131561
54780,4916,2.39954e-05,0.989663,2.69143e-05,0.192779,0.269955,0.0,6.2,8.0,65.4,196.4,100,1815131561
54782,4965,2.50668e-05,0.989746,2.67429e-05,0.185097,0.260757,0.1,4.4,8.7,67.8,191.7,100,1815131561
54784,4978,2.42353e-05,0.989851,2.77486e-05,0.229608,0.243169,0.2,6.4,9.5,64.3,192.8,100,1815131561
54786,4972,2.45825e-05,0.989907,2.71543e-05,0.199719,0.26425,0.1,6.1,7.5,61.2,192.9,100,1815131561
54788,4935,2.42125e-05,0.989891,2.71771e-05,0.229622,0.27019,0.2,5.9,11.0,63.9,188.8,100,1815131561
54790,4955,2.48429e-05,0.989945,2.648e-05,0.196573,0.260139,0.0,6.3,9.1,63.2,193.1,100,1815131561
54792,4994,2.32576e-05,0.989909,2.69143e-05,0.216496,0.25455,0.3,5.7,9.2,66.0,191.2,100,1815131561
54794,4920,2.44774e-05,0.989917,2.64114e-05,0.19552,0.253875,0.0,6.7,9.2,63.2,188.4,100,1815131561
54796,4909,2.4048e-05,0.989871,2.72686e-05,0.240346,0.255919,0.2,5.3,10.6,63.5,192.6,100,1815131561
54798,4943,2.33238e-05,0.989996,2.68e-05,0.21587,0.266454,0.1,7.0,11.6,63.5,195.2,100,1815131561
54800,4992,2.4562e-05,0.989994,2.73943e-05,0.166589,0.259645,0.1,5.1,10.4,63.1,197.8,100,1815131561
54802,4933,2.40685e-05,0.989926,2.68686e-05,0.243336,0.273433,0.1,6.3,8.9,64.7,184.0,100,1815131561
54804,4888,2.47036e-05,0.989922,2.73029e-05,0.178342,0.251136,0.2,5.2,9.4,64.9,196.0,100,1815131561
54806,4995,2.4313e-05,0.989882,2.69143e-05,0.213651,0.262377,0.3,5.2,11.1,61.4,194.2,100,1815131561
54808,4970,2.46602e-05,0.989994,2.72114e-05,0.24167,0.268369,0.4,6.8,8.2,63.2,198.6,100,1815131561
54810,4965,2.46511e-05,0.98989,2.68229e-05,0.20953,0.276784,0.3,5.3,9.5,63.4,194.6,100,1815131561
54812,5013,2.31274e-05,0.98992,2.67886e-05,0.216723,0.280666,0.3,6.0,9.0,61.5,199.9,100,1815131561
54814,4948,2.50965e-05,0.990061,2.73143e-05,0.204014,0.26541,0.1,5.6,10.5,66.1,193.3,100,1815131561
54816,4881,2.42239e-05,0.990098,2.79543e-05,0.275437,0.268382,0.4,5.8,10.3,63.3,196.9,100,1815131561
54818,5073,2.4683e-05,0.990005,2.71657e-05,0.165371,0.232859,0.3,4.1,9.5,64.7,184.2,100,1815131561
54820,4932,2.45917e-05,0.990098,2.68571e-05,0.226952,0.279039,0.2,6.5,9.4,61.2,194.0,100,1815131561
54822,4931,2.50897e-05,0.989956,2.73714e-05,0.237003,0.260798,0.2,6.0,10.3,66.2,190.2,100,1815131561
54824,4987,2.45734e-05,0.989979,2.77943e-05,0.344534,0.245743,0.6,6.5,9.8,63.7,195.9,100,1815131561
54826,4909,2.40206e-05,0.990027,2.75314e-05,0.448417,0.235157,0.4,6.6,9.5,64.3,194.4,100,1815131561
54828,4949,2.46762e-05,0.990052,2.68914e-05,0.239,0.236187,0.3,7.4,8.6,63.8,196.7,100,1815131561
54830,4974,2.49937e-05,0.989983,2.69486e-05,0.205807,0.282388,0.4,4.5,8.8,62.7,192.0,100,1815131561
54832,4968,2.40868e-05,0.990028,2.63657e-05,0.228627,0.248971,0.3,6.2,8.7,62.5,194.7,100,1815131561
54834,4925,2.51605e-05,0.989867,2.70514e-05,0.345296,0.249037,0.4,5.7,8.3,64.2,192.3,100,1815131561
54836,4979,2.38218e-05,0.98998,2.75543e-05,0.250765,0.231289,0.2,6.7,9.0,64.2,193.6,100,1815131561
54838,4921,2.35271e-05,0.990017,2.67086e-05,0.236218,0.278949,0.3,5.7,9.0,63.0,189.5,100,1815131561
54840,4947,2.39086e-05,0.989964,2.66286e-05,0.182791,0.271592,0.1,4.9,9.5,64.2,190.0,100,1815131561
54842,4966,2.49298e-05,0.990033,2.77829e-05,0.262113,0.246608,0.2,5.4,9.7,64.6,196.1,100,1815131561
54844,4961,2.45049e-05,0.990007,2.688e-05,0.236253,0.290456,0.5,5.8,10.4,65.0,192.5,100,1815131561
54846,5036,2.38584e-05,0.989942,2.69486e-05,0.169122,0.26353,0.0,5.7,10.1,63.6,191.4,100,1815131561
54848,4920,2.52153e-05,0.990056,2.66971e-05,0.190311,0.268526,0.1,5.6,11.0,65.1,194.2,100,1815131561
54850,4972,2.44089e-05,0.990006,2.58514e-05,0.172674,0.263665,0.1,5.9,9.2,65.4,187.3,100,1815131561
54852,4932,2.51262e-05,0.989963,2.61486e-05,0.260174,0.290517,0.3,5.9,10.8,65.3,188.0,100,1815131561
54854,5015,2.42125e-05,0.989957,2.66971e-05,0.256271,0.263039,0.3,7.3,8.5,67.6,186.1,100,1815131561
54856,4974,2.33033e-05,0.989996,2.69714e-05,0.271442,0.256268,0.2,5.3,8.4,65.6,196.5,100,1815131561
54858,4912,2.58435e-05,0.990075,2.68e-05,0.205043,0.263925,0.2,6.0,9.5,64.4,194.3,100,1815131561
54860,4909,2.42239e-05,0.990005,2.70514e-05,0.215426,0.264732,0.1,5.7,9.1,66.4,191.4,100,1815131561
54862,4914,2.40023e-05,0.990002,2.69486e-05,0.231727,0.272204,0.2,6.0,9.2,60.4,198.6,100,1815131561
54864,4968,2.40114e-05,0.989762,2.67314e-05,0.177993,0.262864,0.2,5.3,9.6,65.5,193.2,100,1815131561
54866,4923,2.45665e-05,0.989709,2.70057e-05,0.320648,0.262687,0.2,5.9,8.7,62.8,191.9,100,1815131561
54868,4947,2.34883e-05,0.989864,2.712e-05,0.198785,0.274886,0.2,5.4,11.4,61.6,194.2,100,1815131561
54870,4936,2.35363e-05,0.989857,2.72914e-05,0.236867,0.262742,0.1,6.9,9.5,65.0,192.6,100,1815131561
54872,4972,2.50737e-05,0.989776,2.63429e-05,0.410086,0.273623,0.6,6.1,9.5,64.7,192.4,100,1815131561
54874,4972,2.38789e-05,0.989963,2.67771e-05,0.295871,0.250239,0.2,4.5,8.6,65.2,192.7,100,1815131561
54876,4961,2.36071e-05,0.989971,2.72457e-05,0.235559,0.252796,0.4,5.3,10.1,63.3,191.5,100,1815131561
54878,4955,2.43701e-05,0.989859,2.76343e-05,0.312615,0.267614,0.3,4.8,8.3,67.0,191.0,100,1815131561
54880,4955,2.42856e-05,0.989847,2.77714e-05,0.196201,0.223884,0.0,5.8,9.7,64.1,188.6,100,1815131561
54882,4939,2.31022e-05,0.989804,2.57029e-05,0.325413,0.299922,0.2,6.5,8.1,65.0,191.5,100,1815131561
54884,4899,2.39475e-05,0.9898,2.72686e-05,0.217451,0.264151,0.2,5.3,9.3,65.4,192.0,100,1815131561
54886,4965,2.4032e-05,0.989906,2.59771e-05,0.16533,0.270388,0.2,4.2,9.3,60.3,190.5,100,1815131561
54888,4934,2.45757e-05,0.989895,2.62629e-05,0.191984,0.274963,0.2,4.9,9.0,61.1,193.6,100,1815131561
54890,4982,2.52656e-05,0.989882,2.72e-05,0.31142,0.258789,0.3,5.8,8.9,65.1,197.9,100,1815131561
54892,4996,2.45962e-05,0.990106,2.69943e-05,0.231573,0.26556,0.3,6.0,8.7,64.2,189.3,100,1815131561
54894,4935,2.46693e-05,0.989983,2.632e-05,0.279169,0.302995,0.3,5.8,10.4,65.0,192.6,100,1815131561
54896,4954,2.40708e-05,0.990052,2.78286e-05,0.417,0.236112,0.4,6.2,10.6,65.5,198.7,100,1815131561
54898,4925,2.44043e-05,0.990045,2.75314e-05,0.204034,0.239947,0.2,5.8,9.6,63.9,196.8,100,1815131561
54900,4931,2.40137e-05,0.989961,2.68343e-05,0.241782,0.27557,0.3,6.5,10.1,65.9,194.9,100,1815131561
54902,4963,2.46099e-05,0.989794,2.70057e-05,0.406666,0.27565,0.2,6.4,9.5,63.5,189.9,100,1815131561
54904,4904,2.37738e-05,0.989722,2.64229e-05,0.245347,0.283606,0.4,6.5,10.2,60.9,191.0,100,1815131561
54906,4957,2.46374e-05,0.989639,2.70514e-05,0.285918,0.246403,0.2,5.0,9.5,66.0,192.8,100,1815131561
54908,4908,2.45962e-05,0.989671,2.704e-05,0.260429,0.234407,0.4,6.8,8.4,65.4,194.6,100,1815131561
54910,4933,2.43655e-05,0.989636,2.59429e-05,0.246014,0.299134,0.4,5.5,8.6,61.2,189.7,100,1815131561
54912,4929,2.43267e-05,0.9895,2.72114e-05,0.169727,0.283963,0.2,4.3,10.4,65.1,189.7,100,1815131561
54914,4918,2.53181e-05,0.989641,2.68e-05,0.185594,0.277082,0.2,5.1,11.3,65.4,196.7,100,1815131561
54916,4960,2.51993e-05,0.989719,2.81143e-05,0.236024,0.223645,0.2,5.8,10.3,65.0,199.9,100,1815131561
54918,4950,2.44957e-05,0.989656,2.81829e-05,0.278132,0.244106,0.3,6.3,9.9,64.0,194.3,100,1815131561
54920,4997,2.42239e-05,0.989705,2.77714e-05,0.29857,0.258291,0.2,5.6,8.9,66.4,199.2,100,1815131561
54922,4889,2.36322e-05,0.989707,2.75657e-05,0.222633,0.249896,0.1,6.2,10.3,65.0,188.6,100,1815131561
54924,4954,2.42193e-05,0.989914,2.68e-05,0.254713,0.254449,0.2,7.4,8.2,62.9,197.3,100,1815131561
54926,4912,2.45939e-05,0.989808,2.62971e-05,0.269923,0.268301,0.2,3.9,9.8,64.7,186.4,100,1815131561
54928,4968,2.53067e-05,0.989774,2.71086e-05,0.21693,0.269568,0.3,4.9,8.0,63.5,193.0,100,1815131561
54930,4938,2.42924e-05,0.989909,2.73029e-05,0.220076,0.271925,0.3,5.2,9.2,61.4,196.9,100,1815131561
54932,4992,2.36139e-05,0.990005,2.73257e-05,0.297461,0.256912,0.1,6.6,9.0,63.1,195.0,100,1815131561
54934,4953,2.4699e-05,0.990069,2.69829e-05,0.166478,0.264412,0.0,5.7,9.1,64.0,190.7,100,1815131561
54936,4971,2.50417e-05,0.990086,2.66286e-05,0.200404,0.263305,0.2,6.0,8.5,65.5,192.2,100,1815131561
54938,4938,2.41782e-05,0.990101,2.80686e-05,0.213981,0.253507,0.1,5.7,9.3,70.8,190.0,100,1815131561
54940,4926,2.50645e-05,0.990157,2.768e-05,0.214884,0.249022,0.0,6.6,9.7,66.0,189.7,100,1815131561
54942,5030,2.43884e-05,0.990057,2.72457e-05,0.22608,0.276976,0.1,6.4,9.3,64.4,190.6,100,1815131561
54944,4963,2.46716e-05,0.990133,2.704e-05,0.118524,0.269812,0.0,3.8,9.0,64.0,196.1,100,1815131561
54946,4945,2.4578e-05,0.989948,2.76686e-05,0.219838,0.261064,0.1,5.8,9.0,63.3,200.7,100,1815131561
54948,4865,2.48909e-05,0.989883,2.67886e-05,0.203312,0.288629,0.4,4.4,7.8,64.8,189.1,100,1815131561
54950,4912,2.37738e-05,0.989824,2.70057e-05,0.422426,0.266579,0.7,6.7,9.5,65.9,198.7,100,1815131561
54952,4866,2.4e-05,0.989974,2.728e-05,0.300496,0.262004,0.5,6.5,7.9,64.8,188.5,100,1815131561
54954,4887,2.49138e-05,0.989921,2.71086e-05,0.160046,0.260197,0.1,4.8,10.1,64.8,193.1,100,1815131561
54956,4952,2.43792e-05,0.990017,2.68914e-05,0.173381,0.284032,0.1,4.7,9.2,61.9,196.3,100,1815131561
54958,4946,2.51742e-05,0.990056,2.74971e-05,0.349614,0.257447,0.4,5.8,8.9,66.1,189.5,100,1815131561
54960,4930,2.4297e-05,0.989934,2.68457e-05,0.366699,0.284129,0.5,6.2,11.1,66.0,195.2,100,1815131561
54962,4928,2.46396e-05,0.990001,2.72457e-05,0.227247,0.266411,0.2,6.3,8.1,66.6,194.9,100,1815131561
54964,4941,2.3984e-05,0.990078,2.79771e-05,0.185079,0.270556,0.0,7.2,8.5,65.1,194.5,100,1815131561
54966,5021,2.34929e-05,0.990073,2.77714e-05,0.234366,0.2481,0.4,5.0,9.8,65.8,201.6,100,1815131561
54968,4967,2.43107e-05,0.989947,2.61943e-05,0.166141,0.285698,0.2,5.5,8.2,63.2,198.8,100,1815131561
54970,4991,2.36916e-05,0.989962,2.704e-05,0.377119,0.260877,0.4,7.0,9.9,62.4,191.8,100,1815131561
54972,4964,2.41165e-05,0.989938,2.69829e-05,0.208981,0.285744,0.2,6.9,9.2,64.9,194.3,100,1815131561
54974,4961,2.38698e-05,0.989986,2.82743e-05,0.245631,0.231251,0.1,6.3,10.1,67.3,193.6,100,1815131561
54976,4942,2.498e-05,0.989951,2.72343e-05,0.169805,0.260322,0.1,5.3,8.7,67.0,191.4,100,1815131561
54978,4941,2.46533e-05,0.989974,2.77371e-05,0.274274,0.256849,0.2,7.7,8.1,69.7,192.9,100,1815131561
54980,4950,2.50851e-05,0.990068,2.60914e-05,0.252251,0.283101,0.3,6.0,10.4,63.9,186.9,100,1815131561
54982,4990,2.47836e-05,0.990145,2.70171e-05,0.33915,0.262958,0.4,5.2,10.5,66.7,189.2,100,1815131561
54984,4922,2.37716e-05,0.990191,2.70514e-05,0.231256,0.271858,0.1,7.3,9.5,63.4,197.2,100,1815131561
54986,4913,2.5462e-05,0.990212,2.72914e-05,0.408372,0.258836,0.4,7.6,7.1,62.7,191.0,100,1815131561
54988,4931,2.40297e-05,0.990218,2.66857e-05,0.362844,0.278991,0.5,6.2,7.0,65.8,196.3,100,1815131561
54990,4938,2.41005e-05,0.990101,2.62057e-05,0.195255,0.29053,0.4,5.4,7.6,62.7,191.8,100,1815131561
54992,4929,2.4434e-05,0.990123,2.67543e-05,0.314802,0.294516,0.3,5.3,8.4,63.1,189.8,100,1815131561
54994,4917,2.41668e-05,0.990225,2.77714e-05,0.220997,0.254789,0.1,5.5,9.2,66.9,194.8,100,1815131561
54996,4979,2.445e-05,0.99019,2.74743e-05,0.30635,0.260827,0.4,5.8,9.5,61.7,195.2,100,1815131561
54998,4954,2.46236e-05,0.990301,2.69257e-05,0.276836,0.277874,0.2,5.3,8.0,64.7,195.8,100,1815131561
55000,4981,2.59714e-05,0.990289,2.75771e-05,0.321959,0.252584,0.4,5.9,9.5,65.3,197.3,100,1815131561
55002,1971,2.48087e-05,0.990416,2.71771e-05,0.255306,0.249993,0.3,6.2,8.6,66.6,192.0,100,1815131561
55004,1999,2.46785e-05,0.990352,2.68914e-05,0.206041,0.298042,0.3,5.5,9.0,63.5,196.3,100,1815131561
55006,1967,2.45734e-05,0.990317,2.704e-05,0.138829,0.262529,0.0,5.0,8.0,69.8,190.2,100,1815131561
55008,2008,2.43838e-05,0.990179,2.67886e-05,0.201693,0.28244,0.1,6.0,9.6,61.3,191.6,100,1815131561
55010,1961,2.46556e-05,0.990124,2.71771e-05,0.194617,0.288497,0.1,5.6,8.8,66.1,194.5,100,1815131561
55012,1974,2.50851e-05,0.990141,2.76914e-05,0.219293,0.257058,0.0,6.4,8.1,65.3,198.0,100,1815131561
55014,1996,2.45871e-05,0.990304,2.72229e-05,0.253864,0.271497,0.1,4.4,10.8,62.2,194.4,100,1815131561
55016,1970,2.42513e-05,0.990606,2.68914e-05,0.197088,0.279937,0.1,5.9,8.2,67.7,191.2,100,1815131561
55018,1998,2.44409e-05,0.990568,2.68e-05,0.330507,0.256788,0.3,6.3,9.7,61.3,197.5,100,1815131561
55020,1970,2.48338e-05,0.990697,2.69943e-05,0.230473,0.269401,0.3,5.0,8.2,65.1,188.5,100,1815131561
55022,1977,2.41394e-05,0.990562,2.71086e-05,0.155747,0.272412,0.1,4.6,8.4,61.6,201.2,100,1815131561
55024,1962,2.36939e-05,0.990542,2.72229e-05,0.197863,0.277514,0.2,4.8,10.1,63.8,197.3,100,1815131561
55026,1972,2.49846e-05,0.990392,2.76e-05,0.198239,0.264823,0.2,5.7,8.0,64.1,198.1,100,1815131561
55028,1966,2.45346e-05,0.990466,2.73371e-05,0.234302,0.253643,0.3,6.4,8.4,62.4,192.8,100,1815131561
55030,2023,2.45574e-05,0.990321,2.69943e-05,0.206071,0.259208,0.2,5.0,8.2,61.7,192.6,100,1815131561
55032,1950,2.47219e-05,0.990333,2.71543e-05,0.144965,0.262748,0.0,4.6,8.0,63.5,190.5,100,1815131561
55034,2003,2.40959e-05,0.990208,2.672e-05,0.237679,0.279222,0.4,6.1,9.0,64.9,191.1,100,1815131561
55036,1983,2.46556e-05,0.990341,2.72571e-05,0.335119,0.280635,0.3,5.2,10.6,60.4,199.9,100,1815131561
55038,1971,2.45939e-05,0.990536,2.74971e-05,0.3668,0.245717,0.4,4.6,8.7,63.1,196.0,100,1815131561
55040,1979,2.45254e-05,0.990462,2.61143e-05,0.153092,0.297303,0.1,4.4,10.3,62.9,191.3,100,1815131561
55042,2005,2.40891e-05,0.99049,2.63657e-05,0.169692,0.283874,0.0,5.1,8.1,61.1,187.3,100,1815131561
55044,1976,2.40868e-05,0.990422,2.82743e-05,0.231451,0.229483,0.2,7.4,9.0,63.6,199.3,100,1815131561
55046,1975,2.46876e-05,0.990451,2.624e-05,0.202235,0.28177,0.0,6.1,8.9,63.9,190.1,100,1815131561
55048,1985,2.44112e-05,0.990337,2.66857e-05,0.19661,0.286976,0.1,6.8,8.2,60.9,188.8,100,1815131561
55050,1965,2.44934e-05,0.990675,2.72114e-05,0.159776,0.280826,0.0,5.6,9.3,62.0,193.1,100,1815131561
55052,1963,2.42467e-05,0.990373,2.77943e-05,0.286211,0.24165,0.2,5.5,9.0,62.0,200.5,100,1815131561
55054,1982,2.47607e-05,0.990321,2.77371e-05,0.204087,0.244295,0.1,6.3,10.0,68.7,194.0,100,1815131561
55056,1979,2.42673e-05,0.990363,2.70171e-05,0.227566,0.26294,0.1,6.4,10.5,63.4,190.0,100,1815131561
55058,1983,2.48041e-05,0.990307,2.76343e-05,0.140172,0.260564,0.0,4.1,10.1,64.5,191.6,100,1815131561
55060,1993,2.38378e-05,0.990331,2.68457e-05,0.278657,0.250546,0.4,5.6,8.8,65.4,193.0,100,1815131561
55062,2004,2.37419e-05,0.990262,2.63657e-05,0.370269,0.269139,0.3,4.9,10.1,65.6,186.0,100,1815131561
55064,1946,2.39315e-05,0.990408,2.696e-05,0.220851,0.266509,0.4,6.2,9.3,61.4,191.9,100,1815131561
55066,1956,2.42056e-05,0.990128,2.72571e-05,0.188961,0.255215,0.1,4.7,8.5,62.4,186.3,100,1815131561
55068,1941,2.48726e-05,0.990299,2.67886e-05,0.338271,0.267339,0.3,6.9,9.5,66.5,187.8,100,1815131561
55070,1983,2.41348e-05,0.990331,2.648e-05,0.189582,0.255117,0.1,5.6,8.9,62.9,190.4,100,1815131561
55072,2008,2.43153e-05,0.990347,2.75086e-05,0.196124,0.243194,0.1,4.9,9.7,63.1,194.3,100,1815131561
55074,1961,2.41119e-05,0.990348,2.81486e-05,0.424055,0.246028,0.2,7.5,10.4,66.8,195.3,100,1815131561
55076,1965,2.48247e-05,0.990377,2.70857e-05,0.179173,0.278494,0.0,5.8,8.8,61.7,194.6,100,1815131561
55078,1948,2.37647e-05,0.990367,2.68457e-05,0.211363,0.295789,0.4,5.2,8.9,66.1,190.1,100,1815131561
55080,2004,2.35157e-05,0.990324,2.65829e-05,0.17674,0.287164,0.0,5.5,8.6,66.3,185.1,100,1815131561
55082,1969,2.46374e-05,0.990183,2.63886e-05,0.346637,0.293963,0.3,6.1,10.0,61.9,190.2,100,1815131561
55084,1999,2.39977e-05,0.990218,2.65714e-05,0.295647,0.282348,0.1,5.9,8.9,62.8,198.9,100,1815131561
55086,1971,2.48315e-05,0.99035,2.64457e-05,0.200957,0.255864,0.1,6.4,8.5,65.2,192.9,100,1815131561
55088,1954,2.45597e-05,0.99023,2.63429e-05,0.188226,0.296496,0.0,6.0,6.9,64.2,192.5,100,1815131561
55090,1927,2.48864e-05,0.990234,2.69714e-05,0.208525,0.263386,0.1,5.8,8.4,65.2,190.7,100,1815131561
55092,1967,2.37624e-05,0.990381,2.71771e-05,0.185937,0.265011,0.3,4.3,8.5,63.0,194.2,100,1815131561
55094,1981,2.50623e-05,0.990379,2.77714e-05,0.217556,0.244537,0.0,6.8,9.7,62.8,194.2,100,1815131561
55096,2024,2.37876e-05,0.990244,2.704e-05,0.195406,0.275258,0.0,6.8,8.3,68.0,192.5,100,1815131561
55098,1972,2.38492e-05,0.990358,2.70514e-05,0.209982,0.258519,0.2,5.1,9.3,64.4,193.1,100,1815131561
55100,1993,2.45528e-05,0.990345,2.66514e-05,0.171293,0.272848,0.2,5.2,9.2,62.8,190.3,100,1815131561
55102,1966,2.37876e-05,0.990318,2.65486e-05,0.203388,0.263535,0.3,5.4,8.0,65.5,187.7,100,1815131561
55104,1952,2.37944e-05,0.990437,2.64229e-05,0.163568,0.297449,0.1,4.3,9.2,63.7,189.7,100,1815131561
55106,1974,2.41508e-05,0.990364,2.68571e-05,0.198362,0.267301,0.2,4.8,9.1,66.2,190.2,100,1815131561
55108,2001,2.33192e-05,0.990381,2.65371e-05,0.142303,0.267685,0.1,5.4,7.3,62.3,192.3,100,1815131561
55110,1987,2.37464e-05,0.990311,2.64686e-05,0.278241,0.286943,0.3,5.1,10.1,63.1,190.3,100,1815131561
55112,1965,2.43495e-05,0.990457,2.66057e-05,0.189796,0.276137,0.1,6.1,8.5,63.7,188.4,100,1815131561
55114,2018,2.4297e-05,0.990273,2.62629e-05,0.156873,0.273122,0.0,5.4,9.5,63.7,190.7,100,1815131561
55116,1957,2.45323e-05,0.990237,2.648e-05,0.216931,0.299799,0.1,6.8,7.7,68.0,190.3,100,1815131561
55118,1975,2.41508e-05,0.990175,2.704e-05,0.264281,0.25893,0.1,5.1,11.5,64.8,188.9,100,1815131561
55120,1969,2.40434e-05,0.990187,2.62514e-05,0.178046,0.26796,0.1,5.3,8.5,64.2,192.2,100,1815131561
55122,1964,2.38538e-05,0.990169,2.656e-05,0.20953,0.268755,0.2,6.2,11.2,63.9,196.6,100,1815131561
55124,2023,2.34403e-05,0.990179,2.80229e-05,0.228165,0.244937,0.4,5.3,11.1,65.6,194.2,100,1815131561
55126,1963,2.35751e-05,0.990346,2.67657e-05,0.161997,0.289941,0.2,3.8,9.5,63.3,195.3,100,1815131561
55128,1990,2.46419e-05,0.990322,2.68914e-05,0.128933,0.276233,0.1,3.4,8.2,64.4,196.6,100,1815131561
55130,1978,2.45757e-05,0.99023,2.75543e-05,0.196553,0.235358,0.1,5.0,10.5,67.2,195.6,100,1815131561
55132,1928,2.3767e-05,0.990222,2.60686e-05,0.171717,0.28323,0.1,4.9,8.3,65.6,191.6,100,1815131561
55134,2001,2.4064e-05,0.990234,2.65714e-05,0.146699,0.27272,0.1,4.3,8.4,66.1,190.0,100,1815131561
55136,1993,2.41736e-05,0.990093,2.67771e-05,0.181054,0.261085,0.1,5.2,10.2,60.5,191.0,100,1815131561
55138,1962,2.37967e-05,0.990111,2.65029e-05,0.224769,0.283207,0.1,6.6,8.9,60.5,194.9,100,1815131561
55140,2009,2.36208e-05,0.990294,2.79543e-05,0.197575,0.275755,0.1,5.6,8.8,65.7,193.6,100,1815131561
55142,1971,2.38698e-05,0.990253,2.65714e-05,0.190593,0.255155,0.2,6.3,8.0,63.6,192.1,100,1815131561
55144,1940,2.35111e-05,0.99036,2.64457e-05,0.172865,0.26878,0.1,5.8,9.1,60.1,196.8,100,1815131561
55146,1947,2.35797e-05,0.990449,2.61257e-05,0.193633,0.269703,0.1,5.4,9.2,66.2,184.7,100,1815131561
55148,1982,2.31205e-05,0.990408,2.67886e-05,0.263652,0.267266,0.1,5.3,6.8,66.8,188.1,100,1815131561
55150,1993,2.44203e-05,0.990354,2.672e-05,0.276975,0.271853,0.2,4.9,7.6,65.2,189.6,100,1815131561
55152,2020,2.38904e-05,0.99042,2.69371e-05,0.233915,0.266712,0.1,4.6,9.8,64.8,193.8,100,1815131561
55154,1991,2.45757e-05,0.990345,2.70286e-05,0.308541,0.279515,0.2,6.1,9.0,63.9,198.2,100,1815131561
55156,1968,2.39109e-05,0.990349,2.74171e-05,0.164561,0.24357,0.1,5.1,10.0,65.8,191.9,100,1815131561
55158,2011,2.38926e-05,0.990326,2.68914e-05,0.184032,0.261333,0.1,4.8,8.9,64.6,192.3,100,1815131561
55160,1976,2.39452e-05,0.990289,2.65943e-05,0.173027,0.259815,0.0,5.5,7.9,65.7,190.9,100,1815131561
55162,1968,2.38949e-05,0.990082,2.62514e-05,0.307558,0.277772,0.3,6.6,9.2,65.6,187.4,100,1815131561
55164,1993,2.41668e-05,0.990049,2.68e-05,0.183617,0.258599,0.0,5.5,9.3,64.2,194.3,100,1815131561
55166,1930,2.39635e-05,0.990179,2.62971e-05,0.286142,0.276437,0.1,5.7,8.4,63.4,192.6,100,1815131561
55168,1979,2.43153e-05,0.990087,2.60571e-05,0.292512,0.289864,0.1,6.2,9.3,61.2,193.3,100,1815131561
55170,1969,2.4e-05,0.990164,2.60686e-05,0.175739,0.28745,0.1,5.6,10.1,62.6,189.2,100,1815131561
55172,1994,2.32644e-05,0.990308,2.70171e-05,0.188373,0.286565,0.1,4.9,9.7,66.6,199.5,100,1815131561
55174,1984,2.41805e-05,0.990239,2.72457e-05,0.169698,0.263738,0.2,4.6,8.1,68.5,191.7,100,1815131561
55176,2039,2.32416e-05,0.990309,2.70743e-05,0.166747,0.257453,0.0,5.3,8.5,62.7,199.2,100,1815131561
55178,1996,2.47127e-05,0.990019,2.74286e-05,0.222326,0.246202,0.3,6.1,7.8,66.9,195.4,100,1815131561
55180,1977,2.3936e-05,0.990096,2.728e-05,0.153128,0.251881,0.0,5.2,8.7,67.5,199.1,100,1815131561
55182,2000,2.41553e-05,0.990084,2.672e-05,0.175563,0.256899,0.1,4.8,9.4,63.0,192.1,100,1815131561
55184,2018,2.35614e-05,0.989958,2.65143e-05,0.197434,0.269459,0.2,5.8,8.7,65.3,193.1,100,1815131561
55186,1984,2.40023e-05,0.989848,2.65943e-05,0.171136,0.261956,0.1,5.3,8.4,63.6,191.5,100,1815131561
55188,1974,2.33101e-05,0.990095,2.65371e-05,0.177651,0.28664,0.1,5.2,8.8,63.9,191.7,100,1815131561
55190,1997,2.34266e-05,0.989883,2.70057e-05,0.149872,0.264861,0.2,4.0,9.7,68.5,195.2,100,1815131561
55192,2005,2.41348e-05,0.990067,2.69143e-05,0.229078,0.277126,0.4,6.3,9.4,63.9,191.5,100,1815131561
55194,1974,2.39246e-05,0.989971,2.69029e-05,0.268896,0.262493,0.1,4.8,9.9,62.7,196.8,100,1815131561
55196,1985,2.41256e-05,0.99004,2.65257e-05,0.182069,0.269524,0.0,6.3,8.4,67.8,192.2,100,1815131561
55198,2001,2.38584e-05,0.990195,2.62514e-05,0.191877,0.266362,0.2,5.9,8.2,65.9,193.4,100,1815131561
55200,1995,2.39475e-05,0.990055,2.66857e-05,0.176925,0.262167,0.1,5.4,8.2,62.2,198.1,100,1815131561
55202,1972,2.47584e-05,0.990083,2.64457e-05,0.155225,0.272908,0.0,5.3,8.6,61.6,190.0,100,1815131561
55204,1969,2.38561e-05,0.990143,2.67314e-05,0.241058,0.276419,0.1,4.7,7.7,67.1,195.1,100,1815131561
55206,1989,2.47584e-05,0.99025,2.63771e-05,0.152622,0.282082,0.0,5.3,5.8,64.5,194.3,100,1815131561
55208,1953,2.48818e-05,0.990197,2.72343e-05,0.16927,0.2671,0.0,5.7,9.1,63.0,190.1,100,1815131561
55210,1973,2.35134e-05,0.990161,2.67429e-05,0.167229,0.276138,0.1,5.3,8.6,61.7,197.0,100,1815131561
55212,1983,2.48155e-05,0.990233,2.62286e-05,0.269258,0.278989,0.1,5.2,8.5,61.9,194.6,100,1815131561
55214,1991,2.33284e-05,0.990109,2.63543e-05,0.441265,0.281243,0.2,6.7,8.3,62.3,193.5,100,1815131561
55216,1943,2.4064e-05,0.990356,2.57486e-05,0.153508,0.297609,0.0,5.0,7.3,63.7,196.8,100,1815131561
55218,1991,2.27481e-05,0.989971,2.63086e-05,0.195112,0.273051,0.0,6.8,6.3,65.7,195.1,100,1815131561
55220,1979,2.35957e-05,0.989861,2.72229e-05,0.193641,0.287605,0.0,6.2,9.3,67.3,196.1,100,1815131561
55222,1983,2.3534e-05,0.989814,2.61714e-05,0.20552,0.277725,0.1,6.1,8.9,62.8,190.0,100,1815131561
55224,1955,2.35842e-05,0.989889,2.71086e-05,0.175334,0.267949,0.0,4.9,7.9,65.8,201.8,100,1815131561
55226,1992,2.30314e-05,0.990123,2.776e-05,0.24495,0.260264,0.1,4.8,8.4,68.2,191.8,100,1815131561
55228,1973,2.42307e-05,0.989945,2.72457e-05,0.183398,0.243833,0.2,5.1,9.3,60.5,199.3,100,1815131561
55230,1956,2.40548e-05,0.989845,2.68457e-05,0.157927,0.267358,0.0,5.3,8.7,64.4,198.7,100,1815131561
55232,1962,2.46488e-05,0.98981,2.74857e-05,0.179035,0.27665,0.0,6.1,7.5,65.8,198.7,100,1815131561
55234,1956,2.36208e-05,0.98971,2.68686e-05,0.363819,0.26753,0.3,5.0,8.6,68.6,200.9,100,1815131561
55236,1999,2.42627e-05,0.989701,2.69143e-05,0.175066,0.265041,0.1,5.7,7.8,65.7,198.0,100,1815131561
55238,2005,2.4683e-05,0.989928,2.63886e-05,0.172117,0.316515,0.1,5.2,6.1,63.3,196.1,100,1815131561
55240,1978,2.35979e-05,0.989864,2.63886e-05,0.318213,0.273238,0.3,6.4,10.1,64.8,195.4,100,1815131561
55242,1960,2.4265e-05,0.990135,2.68914e-05,0.240029,0.256665,0.1,7.0,10.7,65.7,195.0,100,1815131561
55244,2020,2.4064e-05,0.990065,2.65829e-05,0.193016,0.27073,0.2,5.1,8.7,66.5,197.2,100,1815131561
55246,2027,2.41051e-05,0.99016,2.67886e-05,0.209331,0.275712,0.3,6.1,9.9,65.7,193.7,100,1815131561
55248,1959,2.45688e-05,0.99016,2.728e-05,0.196843,0.265186,0.2,5.4,8.4,64.9,197.0,100,1815131561
55250,1980,2.3502e-05,0.990091,2.65029e-05,0.159308,0.284106,0.1,4.3,9.0,63.6,194.9,100,1815131561
55252,1992,2.4747e-05,0.990086,2.68914e-05,0.117778,0.255638,0.0,3.6,8.1,63.2,195.8,100,1815131561
55254,2009,2.37624e-05,0.990346,2.67314e-05,0.171178,0.28986,0.1,5.2,8.4,64.9,202.1,100,1815131561
55256,1967,2.41279e-05,0.990355,2.72229e-05,0.249344,0.265258,0.2,4.9,9.2,66.1,197.5,100,1815131561
55258,1958,2.4217e-05,0.990435,2.68e-05,0.265788,0.272007,0.2,5.2,8.7,66.3,198.5,100,1815131561
55260,2000,2.45437e-05,0.990353,2.65943e-05,0.142317,0.254641,0.0,5.0,8.0,64.8,190.9,100,1815131561
55262,1980,2.3582e-05,0.990382,2.61029e-05,0.176485,0.286999,0.1,4.9,9.0,63.5,193.1,100,1815131561
55264,2017,2.36619e-05,0.990283,2.69371e-05,0.201561,0.275131,0.0,6.0,8.9,65.9,190.4,100,1815131561
55266,1972,2.39475e-05,0.990305,2.73029e-05,0.171003,0.253492,0.1,5.3,9.9,67.4,196.0,100,1815131561
55268,1955,2.40914e-05,0.990342,2.57257e-05,0.172673,0.281068,0.2,5.0,9.0,63.8,191.8,100,1815131561
55270,1966,2.38995e-05,0.990275,2.776e-05,0.287519,0.274851,0.4,5.0,8.0,68.0,202.1,100,1815131561
55272,1962,2.33512e-05,0.990252,2.65029e-05,0.241899,0.29318,0.1,7.1,7.9,67.2,190.9,100,1815131561
55274,1968,2.40206e-05,0.990286,2.66857e-05,0.161202,0.269705,0.1,5.6,9.1,62.6,197.3,100,1815131561
55276,1975,2.42353e-05,0.990083,2.69143e-05,0.158702,0.266415,0.0,5.6,9.0,63.2,198.9,100,1815131561
55278,2004,2.38835e-05,0.990042,2.68114e-05,0.174877,0.251634,0.2,5.2,7.5,63.3,195.7,100,1815131561
55280,1995,2.24946e-05,0.989828,2.65829e-05,0.152064,0.272883,0.1,4.7,9.1,65.5,196.2,100,1815131561
55282,1979,2.37716e-05,0.989942,2.648e-05,0.227391,0.287333,0.4,5.7,8.4,67.0,195.1,100,1815131561
55284,1997,2.35386e-05,0.989969,2.67314e-05,0.176154,0.267515,0.0,5.7,9.3,63.5,193.2,100,1815131561
55286,1989,2.40023e-05,0.990211,2.632e-05,0.160874,0.296984,0.1,5.1,9.5,61.0,192.8,100,1815131561
55288,1928,2.44021e-05,0.990029,2.65714e-05,0.211399,0.260582,0.1,6.1,8.9,63.8,196.9,100,1815131561
55290,1972,2.44158e-05,0.990151,2.71429e-05,0.238142,0.272203,0.2,7.1,9.8,65.0,194.4,100,1815131561
55292,1975,2.49275e-05,0.990138,2.68229e-05,0.181358,0.27921,0.2,5.5,8.6,64.7,195.6,100,1815131561
55294,1968,2.42718e-05,0.990056,2.57257e-05,0.207863,0.291895,0.2,5.9,7.6,62.1,196.0,100,1815131561
55296,1969,2.45528e-05,0.989855,2.69029e-05,0.201204,0.283393,0.1,6.4,8.4,66.5,196.5,100,1815131561
55298,2003,2.28487e-05,0.989948,2.712e-05,0.191215,0.261343,0.0,6.7,9.3,63.6,194.7,100,1815131561
55300,2002,2.45277e-05,0.990061,2.68229e-05,0.143594,0.289989,0.0,4.8,9.0,63.3,199.7,100,1815131561
55302,2011,2.3831e-05,0.989904,2.66514e-05,0.192228,0.265761,0.2,5.3,9.1,66.9,198.0,100,1815131561
55304,2000,2.38241e-05,0.98991,2.73714e-05,0.316739,0.262304,0.2,7.3,8.2,65.7,193.2,100,1815131561
55306,1985,2.40571e-05,0.989922,2.71543e-05,0.206271,0.255065,0.2,6.0,8.2,68.3,194.6,100,1815131561
55308,1945,2.48978e-05,0.989956,2.66057e-05,0.187825,0.269219,0.1,6.3,8.3,62.9,195.4,100,1815131561
55310,1950,2.44295e-05,0.989755,2.69371e-05,0.209192,0.279992,0.4,5.5,9.7,65.8,192.7,100,1815131561
55312,1996,2.392e-05,0.989952,2.58743e-05,0.193382,0.289973,0.3,6.2,7.0,68.0,199.1,100,1815131561
55314,1962,2.41188e-05,0.990132,2.64914e-05,0.127672,0.281668,0.0,4.9,9.0,66.0,202.0,100,1815131561
55316,2010,2.46945e-05,0.990053,2.68114e-05,0.171094,0.268185,0.0,4.9,8.5,64.5,197.7,100,1815131561
55318,1970,2.35888e-05,0.989995,2.65943e-05,0.197897,0.268323,0.1,6.9,8.5,67.4,193.5,100,1815131561
55320,1972,2.41119e-05,0.98981,2.76114e-05,0.219118,0.254368,0.3,6.3,9.4,65.7,200.1,100,1815131561
55322,1958,2.38081e-05,0.990027,2.71543e-05,0.321121,0.280681,0.4,5.9,9.9,65.6,195.3,100,1815131561
55324,2011,2.37099e-05,0.990002,2.73829e-05,0.160517,0.274335,0.0,5.5,7.9,65.2,197.6,100,1815131561
55326,1970,2.41302e-05,0.990288,2.73143e-05,0.145078,0.25156,0.0,5.7,7.7,65.6,196.8,100,1815131561
55328,1967,2.31479e-05,0.990192,2.616e-05,0.256338,0.285261,0.4,7.0,8.2,65.6,194.3,100,1815131561
55330,1981,2.36802e-05,0.990243,2.736e-05,0.191704,0.262816,0.3,5.5,8.6,62.1,196.6,100,1815131561
55332,1991,2.37304e-05,0.990193,2.71086e-05,0.185978,0.26044,0.3,5.0,8.5,63.6,194.0,100,1815131561
55334,1965,2.43381e-05,0.990307,2.65829e-05,0.160326,0.276068,0.1,5.7,7.5,63.2,191.9,100,1815131561
55336,1992,2.38538e-05,0.990363,2.65029e-05,0.142132,0.275255,0.0,4.6,9.0,62.2,197.1,100,1815131561
55338,1941,2.42262e-05,0.990121,2.64229e-05,0.173128,0.268823,0.1,5.1,9.7,63.3,188.5,100,1815131561
55340,1967,2.38858e-05,0.990151,2.69943e-05,0.202397,0.242729,0.2,5.4,9.8,69.0,193.7,100,1815131561
55342,1967,2.43061e-05,0.990298,2.68457e-05,0.185671,0.277478,0.1,5.9,7.2,62.4,197.6,100,1815131561
55344,1982,2.42559e-05,0.990324,2.77257e-05,0.193602,0.245549,0.0,6.2,8.3,64.1,197.9,100,1815131561
55346,2011,2.4169e-05,0.99014,2.72e-05,0.328221,0.255824,0.4,6.7,8.9,63.7,195.2,100,1815131561
55348,1993,2.45597e-05,0.990319,2.66629e-05,0.13213,0.283596,0.1,3.8,8.3,66.8,199.3,100,1815131561
55350,1966,2.40388e-05,0.990157,2.67771e-05,0.280966,0.285067,0.2,6.0,6.8,64.6,195.4,100,1815131561
55352,1981,2.44569e-05,0.99008,2.70171e-05,0.118497,0.275189,0.0,3.9,9.5,64.0,197.3,100,1815131561
55354,1997,2.38812e-05,0.990341,2.69371e-05,0.179474,0.271888,0.0,5.3,9.1,65.3,201.0,100,1815131561
55356,2010,2.40388e-05,0.990454,2.64e-05,0.229746,0.284915,0.1,4.7,6.9,62.3,195.9,100,1815131561
55358,1966,2.43564e-05,0.990479,2.672e-05,0.157993,0.27342,0.0,5.7,7.3,64.9,197.0,100,1815131561
55360,1993,2.38812e-05,0.990658,2.69714e-05,0.190677,0.24214,0.2,5.8,7.9,64.9,202.7,100,1815131561
55362,1978,2.32142e-05,0.990539,2.68229e-05,0.124181,0.254082,0.0,4.5,8.8,68.2,199.1,100,1815131561
55364,1957,2.37373e-05,0.990431,2.60914e-05,0.137366,0.289054,0.0,4.6,7.2,63.7,195.1,100,1815131561
55366,1999,2.41873e-05,0.99043,2.63657e-05,0.382494,0.278044,0.2,6.4,9.9,63.1,199.0,100,1815131561
55368,1981,2.39726e-05,0.990409,2.65029e-05,0.188889,0.31082,0.0,5.9,10.2,66.3,197.0,100,1815131561
55370,2020,2.3253e-05,0.990386,2.696e-05,0.244889,0.269035,0.1,5.3,8.6,65.3,192.7,100,1815131561
55372,2019,2.51194e-05,0.990454,2.77486e-05,0.243951,0.284544,0.1,4.5,8.4,68.0,200.4,100,1815131561
55374,2000,2.34769e-05,0.99043,2.56457e-05,0.260782,0.301547,0.2,5.0,6.0,60.8,192.2,100,1815131561
55376,2006,2.33901e-05,0.990808,2.67886e-05,0.368463,0.267142,0.4,5.4,7.5,66.3,199.9,100,1815131561
55378,1994,2.35842e-05,0.990652,2.58629e-05,0.241507,0.288719,0.2,4.4,6.7,64.5,199.6,100,1815131561
55380,1971,2.44318e-05,0.990705,2.648e-05,0.320515,0.267573,0.3,6.4,9.1,66.5,195.5,100,1815131561
55382,2006,2.34175e-05,0.990576,2.62743e-05,0.153341,0.285472,0.0,5.0,9.3,66.9,199.2,100,1815131561
55384,1973,2.40822e-05,0.990499,2.69257e-05,0.337464,0.281088,0.2,4.7,8.8,69.7,193.1,100,1815131561
55386,2009,2.37579e-05,0.990467,2.65143e-05,0.131586,0.281536,0.0,4.5,7.5,69.0,195.8,100,1815131561
55388,1956,2.35454e-05,0.990389,2.64229e-05,0.1208,0.283295,0.0,4.8,7.0,64.8,194.6,100,1815131561
55390,1960,2.34974e-05,0.990356,2.67657e-05,0.258764,0.26807,0.1,5.1,9.1,63.7,200.0,100,1815131561
55392,2015,2.43655e-05,0.9904,2.68686e-05,0.284107,0.282112,0.1,5.8,8.5,63.9,202.4,100,1815131561
55394,1954,2.43061e-05,0.990286,2.64457e-05,0.138393,0.277448,0.1,4.7,7.9,64.2,199.7,100,1815131561
55396,1963,2.44112e-05,0.990053,2.70171e-05,0.167334,0.254929,0.0,5.5,8.9,63.7,197.4,100,1815131561
55398,1952,2.453e-05,0.990184,2.64686e-05,0.209351,0.271405,0.2,6.6,7.7,68.7,199.5,100,1815131561
55400,1951,2.49869e-05,0.989966,2.71543e-05,0.183312,0.264336,0.3,5.4,6.9,67.0,196.6,100,1815131561
55402,1975,2.37647e-05,0.990024,2.616e-05,0.255309,0.263941,0.1,5.4,9.3,63.7,196.0,100,1815131561
55404,1994,2.51285e-05,0.9901,2.73257e-05,0.231152,0.262373,0.2,6.5,8.1,65.5,192.6,100,1815131561
55406,1967,2.39223e-05,0.990099,2.62629e-05,0.249225,0.283973,0.1,5.6,6.7,64.3,196.4,100,1815131561
55408,2013,2.37807e-05,0.990057,2.64343e-05,0.156414,0.270069,0.0,5.4,10.1,64.1,188.6,100,1815131561
55410,2000,2.35728e-05,0.989917,2.68686e-05,0.413269,0.269543,0.5,6.5,8.0,66.7,192.1,100,1815131561
55412,2004,2.34472e-05,0.989954,2.69371e-05,0.166367,0.251598,0.1,5.7,6.9,64.9,200.9,100,1815131561
55414,1971,2.34951e-05,0.989846,2.65371e-05,0.248033,0.292583,0.2,4.4,8.8,69.5,194.6,100,1815131561
55416,1955,2.39863e-05,0.989745,2.64686e-05,0.394752,0.267204,0.4,5.9,9.1,65.5,195.5,100,1815131561
55418,1993,2.38035e-05,0.9897,2.55886e-05,0.176423,0.292494,0.2,5.9,8.3,64.9,197.6,100,1815131561
55420,1972,2.47402e-05,0.989847,2.64914e-05,0.230158,0.27405,0.3,6.5,9.5,64.4,196.3,100,1815131561
55422,1973,2.36573e-05,0.989738,2.63314e-05,0.294183,0.274563,0.3,5.2,8.2,66.2,194.5,100,1815131561
55424,1988,2.33627e-05,0.989819,2.75771e-05,0.315756,0.280926,0.3,5.1,10.0,71.9,198.2,100,1815131561
55426,1999,2.42559e-05,0.989865,2.68e-05,0.23052,0.280999,0.1,5.0,7.7,66.1,198.5,100,1815131561
55428,1975,2.34335e-05,0.989958,2.63314e-05,0.130554,0.290759,0.0,4.1,7.6,65.0,197.0,100,1815131561
55430,1984,2.35111e-05,0.990019,2.61029e-05,0.375423,0.285758,0.3,6.1,8.4,64.0,194.9,100,1815131561
55432,1981,2.43769e-05,0.989918,2.616e-05,0.267187,0.274871,0.4,4.9,7.5,66.9,196.2,100,1815131561
55434,2018,2.39703e-05,0.989924,2.64343e-05,0.325561,0.276243,0.2,4.0,8.4,67.3,192.5,100,1815131561
55436,1955,2.42901e-05,0.990071,2.67771e-05,0.233997,0.272243,0.2,4.7,8.9,70.6,195.6,100,1815131561
55438,2041,2.30977e-05,0.989881,2.648e-05,0.404412,0.259647,0.5,5.5,8.7,65.2,203.4,100,1815131561
55440,1953,2.4498e-05,0.98967,2.57714e-05,0.307139,0.30559,0.5,5.2,8.5,64.2,191.7,100,1815131561
55442,1997,2.42422e-05,0.98973,2.64914e-05,0.273812,0.259212,0.3,4.9,8.0,69.3,195.9,100,1815131561
55444,1997,2.34769e-05,0.989781,2.67429e-05,0.265048,0.267935,0.1,5.4,10.9,69.9,192.8,100,1815131561
55446,1988,2.43929e-05,0.989784,2.63771e-05,0.20939,0.26492,0.2,5.9,7.0,62.7,193.6,100,1815131561
55448,1984,2.40845e-05,0.989753,2.70171e-05,0.146574,0.29324,0.0,4.1,8.7,63.7,194.8,100,1815131561
55450,1969,2.33215e-05,0.989714,2.59429e-05,0.340095,0.27831,0.3,4.0,8.7,65.3,195.7,100,1815131561
55452,1971,2.35911e-05,0.9897,2.57143e-05,0.167135,0.282855,0.0,6.8,6.9,64.6,191.3,100,1815131561
55454,1987,2.47036e-05,0.990094,2.67886e-05,0.257046,0.243487,0.2,5.0,7.8,67.2,192.5,100,1815131561
55456,1970,2.37876e-05,0.990118,2.69714e-05,0.278638,0.274056,0.2,6.1,9.4,68.3,197.1,100,1815131561
55458,1961,2.392e-05,0.99005,2.552e-05,0.156643,0.268366,0.0,5.3,7.4,66.8,192.7,100,1815131561
55460,1975,2.41325e-05,0.989914,2.64e-05,0.130271,0.269294,0.1,4.3,8.0,65.4,195.3,100,1815131561
55462,1981,2.36345e-05,0.989806,2.61029e-05,0.292658,0.28923,0.4,5.5,9.4,70.9,197.0,100,1815131561
55464,1963,2.32279e-05,0.989874,2.61943e-05,0.264571,0.267278,0.2,5.3,8.9,63.0,202.2,100,1815131561
55466,1976,2.39383e-05,0.989839,2.74286e-05,0.32051,0.261229,0.3,6.0,8.7,66.9,196.4,100,1815131561
55468,1981,2.42307e-05,0.989889,2.63429e-05,0.30241,0.268257,0.2,6.7,5.7,69.3,191.9,100,1815131561
55470,1939,2.33695e-05,0.989954,2.55771e-05,0.280865,0.29488,0.4,5.8,7.4,63.2,197.5,100,1815131561
55472,1963,2.37099e-05,0.990154,2.61371e-05,0.266005,0.308789,0.2,5.2,7.8,65.0,194.8,100,1815131561
55474,2007,2.38744e-05,0.990183,2.64229e-05,0.204846,0.292579,0.7,4.7,8.0,62.5,193.5,100,1815131561
55476,1993,2.34472e-05,0.990139,2.66057e-05,0.236961,0.260436,0.1,4.8,8.3,68.0,192.5,100,1815131561
55478,1991,2.30268e-05,0.990329,2.65257e-05,0.176121,0.258432,0.2,5.3,7.7,66.3,190.6,100,1815131561
55480,2010,2.3454e-05,0.990183,2.65029e-05,0.250599,0.277361,0.2,5.2,9.8,67.1,197.4,100,1815131561
55482,2007,2.34929e-05,0.990141,2.66286e-05,0.24473,0.258746,0.5,6.1,9.5,67.3,199.4,100,1815131561
55484,1972,2.3004e-05,0.989908,2.59543e-05,0.131678,0.272751,0.0,4.0,9.7,65.4,191.1,100,1815131561
55486,2020,2.36893e-05,0.989885,2.56457e-05,0.136784,0.28681,0.3,3.8,8.5,66.1,195.3,100,1815131561
55488,1971,2.32347e-05,0.989695,2.60686e-05,0.27835,0.289311,0.5,5.1,7.2,63.2,193.5,100,1815131561
55490,1973,2.37853e-05,0.989888,2.68571e-05,0.27549,0.272564,0.2,6.2,9.5,66.5,194.7,100,1815131561
55492,1985,2.32576e-05,0.989802,2.66857e-05,0.173293,0.273231,0.2,5.0,7.5,69.0,204.6,100,1815131561
55494,2009,2.30474e-05,0.989822,2.592e-05,0.175288,0.28012,0.3,4.7,8.2,67.0,194.3,100,1815131561
55496,1999,2.46031e-05,0.989895,2.648e-05,0.246441,0.276915,0.2,3.9,8.0,64.1,196.4,100,1815131561
55498,1973,2.37898e-05,0.989911,2.59657e-05,0.189729,0.262388,0.3,5.5,8.9,65.0,187.2,100,1815131561
55500,1975,2.38949e-05,0.989984,2.71543e-05,0.361872,0.253874,0.4,4.4,9.2,63.9,194.7,100,1815131561
55502,1979,2.35568e-05,0.990178,2.66286e-05,0.205982,0.271509,0.2,5.1,8.7,64.9,193.1,100,1815131561
55504,1945,2.36482e-05,0.990013,2.61943e-05,0.384391,0.281645,0.4,6.2,9.9,62.5,195.5,100,1815131561
55506,1976,2.4169e-05,0.990125,2.66743e-05,0.309326,0.291485,0.3,6.2,8.6,67.4,194.4,100,1815131561
55508,1971,2.43906e-05,0.990129,2.63429e-05,0.283135,0.260748,0.4,4.9,8.2,67.6,195.5,100,1815131561
55510,1982,2.43838e-05,0.990213,2.67886e-05,0.314956,0.279355,0.3,6.4,7.6,67.4,200.8,100,1815131561
55512,1972,2.36756e-05,0.990235,2.55886e-05,0.339426,0.294502,0.4,6.7,8.3,64.3,195.1,100,1815131561
55514,1999,2.38241e-05,0.990096,2.68343e-05,0.189017,0.271413,0.1,6.0,9.5,66.4,194.9,100,1815131561
55516,1952,2.42878e-05,0.990047,2.53714e-05,0.178126,0.309922,0.3,6.5,7.8,64.9,194.2,100,1815131561
55518,1976,2.28578e-05,0.990185,2.69371e-05,0.180473,0.269633,0.2,5.6,7.6,68.2,201.7,100,1815131561
55520,1987,2.41485e-05,0.990286,2.68914e-05,0.24664,0.281176,0.2,4.8,7.2,65.6,195.0,100,1815131561
55522,2024,2.24991e-05,0.990246,2.62743e-05,0.471044,0.283143,0.6,4.8,9.8,62.1,194.2,100,1815131561
55524,1954,2.39863e-05,0.990341,2.64686e-05,0.306679,0.285185,0.4,6.1,8.2,66.3,191.3,100,1815131561
55526,2019,2.43038e-05,0.990158,2.696e-05,0.248522,0.285758,0.5,4.7,8.2,67.7,198.3,100,1815131561
55528,1971,2.31525e-05,0.99003,2.592e-05,0.368647,0.271577,0.3,5.8,8.8,67.3,194.3,100,1815131561
55530,2002,2.34951e-05,0.990206,2.54171e-05,0.37384,0.301186,0.3,5.6,7.5,62.4,196.0,100,1815131561
55532,2027,2.42444e-05,0.990192,2.67886e-05,0.307085,0.283692,0.5,6.2,8.6,65.3,198.1,100,1815131561
55534,1990,2.43427e-05,0.990028,2.616e-05,0.124972,0.284758,0.2,3.7,8.2,64.1,189.7,100,1815131561
55536,1977,2.45049e-05,0.989954,2.62629e-05,0.278701,0.251025,0.3,5.0,10.7,64.0,193.3,100,1815131561
55538,1955,2.37647e-05,0.990242,2.59657e-05,0.283665,0.280179,0.3,6.1,8.1,67.5,198.6,100,1815131561
55540,1989,2.41942e-05,0.990123,2.55314e-05,0.271717,0.29463,0.4,5.7,7.7,65.8,194.1,100,1815131561
55542,1991,2.40571e-05,0.990318,2.66514e-05,0.381513,0.274041,0.7,4.7,10.3,65.3,196.9,100,1815131561
55544,1971,2.37761e-05,0.99019,2.54171e-05,0.164605,0.29677,0.3,4.9,8.1,63.2,196.2,100,1815131561
55546,1954,2.4e-05,0.989959,2.67314e-05,0.319507,0.26514,0.2,4.3,8.4,65.8,194.2,100,1815131561
55548,2001,2.38332e-05,0.989979,2.68686e-05,0.56416,0.269148,0.5,5.6,7.8,66.2,198.7,100,1815131561
55550,1951,2.40937e-05,0.990034,2.64114e-05,0.386263,0.28222,0.5,5.8,7.3,66.1,200.2,100,1815131561
55552,2009,2.40777e-05,0.989981,2.66743e-05,0.396648,0.282343,0.4,6.6,8.7,63.8,195.8,100,1815131561
55554,1987,2.34906e-05,0.990143,2.6e-05,0.302994,0.311006,0.3,7.3,7.3,62.1,195.7,100,1815131561
55556,2015,2.3566e-05,0.990183,2.67543e-05,0.141467,0.284808,0.1,3.9,7.9,65.6,196.9,100,1815131561
55558,2007,2.38515e-05,0.990251,2.70514e-05,0.454764,0.272678,0.4,5.3,8.3,64.3,197.1,100,1815131561
55560,1953,2.30017e-05,0.990142,2.62971e-05,0.186286,0.284259,0.2,5.7,7.7,65.7,195.5,100,1815131561
55562,1965,2.4e-05,0.990184,2.64914e-05,0.229782,0.256434,0.3,3.7,7.9,60.3,197.2,100,1815131561
55564,1946,2.33695e-05,0.990056,2.61829e-05,0.526731,0.280651,0.5,4.5,10.1,67.9,196.6,100,1815131561
55566,2025,2.41805e-05,0.990127,2.67886e-05,0.307124,0.26932,0.4,6.0,9.0,65.7,197.2,100,1815131561
55568,1993,2.36276e-05,0.989885,2.59314e-05,0.267025,0.266096,0.3,4.8,7.8,63.8,193.8,100,1815131561
55570,2005,2.43884e-05,0.990047,2.63657e-05,0.116158,0.276587,0.0,4.6,9.1,68.2,201.7,100,1815131561
55572,1974,2.38035e-05,0.989838,2.59086e-05,0.470097,0.294429,0.4,6.2,8.9,65.5,189.8,100,1815131561
55574,2043,2.32142e-05,0.989924,2.62629e-05,0.165565,0.282981,0.2,4.8,7.8,64.1,194.5,100,1815131561
55576,1940,2.33307e-05,0.98983,2.68571e-05,0.243686,0.254348,0.4,6.6,8.2,67.1,198.7,100,1815131561
55578,2000,2.48909e-05,0.989737,2.624e-05,0.142726,0.302191,0.1,4.8,9.7,66.3,202.8,100,1815131561
55580,1989,2.43153e-05,0.989913,2.59314e-05,0.31328,0.276272,0.3,3.4,8.9,64.1,194.5,100,1815131561
55582,1974,2.33604e-05,0.989947,2.68229e-05,0.242051,0.268092,0.1,5.6,8.7,68.3,190.0,100,1815131561
55584,2021,2.35705e-05,0.990043,2.63657e-05,0.393693,0.26546,0.5,6.1,8.1,65.7,193.0,100,1815131561
55586,1963,2.41416e-05,0.990018,2.58629e-05,0.251496,0.293207,0.1,4.9,7.8,65.8,194.4,100,1815131561
55588,1989,2.36025e-05,0.990051,2.68343e-05,0.176881,0.272657,0.2,5.3,7.0,67.3,198.4,100,1815131561
55590,1960,2.42422e-05,0.989981,2.66514e-05,0.238471,0.286373,0.3,4.1,8.6,64.7,196.4,100,1815131561
55592,2011,2.31685e-05,0.989718,2.62629e-05,0.231048,0.284048,0.2,4.5,8.1,65.2,201.2,100,1815131561
55594,1966,2.49503e-05,0.989987,2.65371e-05,0.284474,0.253739,0.4,5.6,8.5,65.7,196.8,100,1815131561
55596,2004,2.36962e-05,0.989827,2.656e-05,0.370788,0.274329,0.5,4.8,9.8,63.7,197.5,100,1815131561
55598,1949,2.34929e-05,0.98975,2.62286e-05,0.278947,0.276974,0.2,6.5,8.2,66.6,196.9,100,1815131561
55600,2001,2.34677e-05,0.989968,2.72114e-05,0.163181,0.256435,0.3,5.5,8.6,65.9,199.0,100,1815131561
