Year,popSizeP1,PiP1,FitnessP1,meanHetP1,BP1,FROHP1,avgvStrDelP1,avgStrDelP1,avgModDelP1,avgWkDelP1,avgNeutP1,popSizeP2,PiP2,FitnessP2,meanHetP2,BP2,FROHP2,avgvStrDelP2,avgStrDelP2,avgModDelP2,avgWkDelP2,avgNeutP2,popSizeP3,PiP3,FitnessP3,meanHetP3,BP3,FROHP3,avgvStrDelP3,avgStrDelP3,avgModDelP3,avgWkDelP3,avgNeutP3, KCrater,Seed
55604,1969,2.25814e-05,0.991387,2.45029e-05,0.188111,0.303984,0.3,4.8,8.1,59.6,192.0,54,1.77704e-05,0.983331,2.14971e-05,0.164198,0.415495,0.3,3.6,7.5,64.9,178.9,27,1.60937e-05,0.848485,1.79086e-05,0.128459,0.524322,0.1,4.0,12.2,61.2,185.3,100,1541733127
55606,2018,2.20011e-05,0.991244,2.528e-05,0.193703,0.302096,0.3,4.7,9.1,65.2,190.3,48,1.8771e-05,0.98677,2.00571e-05,0.147331,0.453642,0.3,3.0,9.0,64.6,182.0,17,1.49149e-05,0.861912,1.85943e-05,0.121695,0.540686,0.0,4.0,11.7,66.6,185.2,100,1541733127
55608,1999,2.2273e-05,0.991225,2.50514e-05,0.150583,0.299549,0.1,3.8,9.3,61.8,187.4,51,1.82204e-05,0.984726,2.12457e-05,0.135458,0.426125,0.4,3.1,8.3,66.1,182.5,21,1.39623e-05,0.848536,1.44457e-05,0.0802591,0.642159,0.0,3.5,11.4,70.4,181.5,100,1541733127
55610,1984,2.18458e-05,0.991301,2.472e-05,0.161139,0.291134,0.2,4.2,7.0,61.7,193.9,43,1.80445e-05,0.98593,2.032e-05,0.134466,0.462895,0.2,3.1,8.8,68.9,180.6,19,1.34826e-05,0.849703,1.69486e-05,0.0899575,0.572154,0.0,2.9,11.5,65.6,182.8,100,1541733127
55612,1988,2.25791e-05,0.991409,2.50743e-05,0.194614,0.291162,0.2,4.7,8.4,64.6,186.6,54,1.92164e-05,0.985874,2.128e-05,0.138591,0.438594,0.2,3.1,9.0,70.0,186.5,30,1.43941e-05,0.862476,1.50171e-05,0.0865768,0.635923,0.0,3.6,10.8,66.1,179.9,100,1541733127
55614,1926,2.26956e-05,0.991207,2.52e-05,0.204011,0.279021,0.2,2.6,7.2,62.0,190.6,47,1.80331e-05,0.9823,2.22743e-05,0.169755,0.385923,0.5,3.1,9.6,67.8,181.6,32,1.23152e-05,0.847607,1.54057e-05,0.0853904,0.620246,0.0,4.0,10.1,65.5,180.9,100,1541733127
55616,1968,2.24809e-05,0.991213,2.44686e-05,0.157462,0.314672,0.1,4.6,7.7,63.5,186.6,42,1.82981e-05,0.978174,2.05257e-05,0.0991562,0.463702,0.3,2.8,9.0,69.8,176.0,26,1.23906e-05,0.841431,1.30171e-05,0.0528825,0.688507,0.0,3.4,11.3,68.4,183.1,100,1541733127
55618,1982,2.22387e-05,0.991092,2.448e-05,0.203432,0.295536,0.5,3.9,8.7,57.5,187.1,45,1.83461e-05,0.983257,2.048e-05,0.102116,0.457153,0.2,3.0,8.3,69.9,181.5,35,1.08898e-05,0.837316,1.34171e-05,0.0856314,0.694675,0.0,3.2,11.6,67.5,189.7,100,1541733127
55620,1985,2.28852e-05,0.991345,2.48114e-05,0.176309,0.2897,0.3,4.4,8.6,63.7,190.8,54,1.71856e-05,0.982418,2.14857e-05,0.13109,0.421913,0.5,2.8,8.7,72.5,186.7,25,1.16939e-05,0.832798,1.33829e-05,0.0923698,0.690474,0.0,3.5,11.9,70.0,193.7,100,1541733127
55622,2002,2.27025e-05,0.991262,2.39657e-05,0.192592,0.323752,0.3,3.9,7.5,59.9,185.5,53,1.88418e-05,0.97989,2.10514e-05,0.126805,0.427535,0.2,2.7,8.8,69.7,184.5,25,1.20891e-05,0.837627,1.34171e-05,0.0730243,0.681324,0.0,3.7,11.6,67.0,188.2,100,1541733127
55624,1980,2.16631e-05,0.991205,2.52343e-05,0.151137,0.294627,0.1,4.6,9.1,62.6,183.9,49,1.78527e-05,0.982374,1.93257e-05,0.113206,0.505363,0.3,2.2,8.8,70.1,178.4,26,1.14951e-05,0.84039,1.32e-05,0.0445837,0.683844,0.0,2.6,12.2,67.9,187.0,100,1541733127
55626,1981,2.26682e-05,0.991446,2.49943e-05,0.188056,0.290814,0.3,4.4,8.5,63.5,185.8,52,1.78024e-05,0.982095,1.92457e-05,0.118121,0.500759,0.2,3.2,9.8,68.3,180.6,27,1.10474e-05,0.836713,1.21829e-05,0.050759,0.711683,0.0,3.1,12.3,65.5,182.1,100,1541733127
55628,1954,2.21017e-05,0.991289,2.38629e-05,0.178064,0.306564,0.5,4.0,7.2,60.2,187.7,54,1.77864e-05,0.982053,1.88229e-05,0.0920065,0.498457,0.4,2.5,9.2,68.4,185.1,31,1.0988e-05,0.861965,1.22857e-05,0.0551635,0.716464,0.0,2.1,13.3,67.0,187.9,100,1541733127
55630,1964,2.21359e-05,0.991287,2.41371e-05,0.146515,0.316996,0.1,3.8,7.9,60.2,188.2,44,1.73638e-05,0.985365,1.85371e-05,0.108659,0.512783,0.3,2.3,8.6,70.7,178.8,25,9.81839e-06,0.875796,1.104e-05,0.0977547,0.739553,0.1,2.5,13.8,67.7,194.7,100,1541733127
55632,1983,2.16836e-05,0.991391,2.39314e-05,0.170195,0.316196,0.1,4.1,9.3,60.1,183.5,48,1.82159e-05,0.983216,1.95543e-05,0.144292,0.482878,0.4,3.1,8.3,67.4,179.7,26,8.46374e-06,1.12772,1.13029e-05,0.0524444,0.733206,0.0,3.2,12.2,64.3,179.0,100,1541733127
55634,1960,2.2321e-05,0.991211,2.46057e-05,0.253208,0.274465,0.2,3.8,8.4,61.2,186.8,50,1.73661e-05,0.980969,1.79429e-05,0.111694,0.532816,0.4,2.2,8.4,66.8,179.8,21,9.15134e-06,1.19812,9.86286e-06,0.0604211,0.772034,0.0,2.9,12.5,64.4,175.5,100,1541733127
55636,2018,2.24283e-05,0.991246,2.41486e-05,0.181686,0.349412,0.3,4.6,8.4,57.8,181.4,44,1.68087e-05,0.9806,1.92914e-05,0.104926,0.479798,0.4,2.3,7.8,66.3,182.6,28,2.00388e-05,0.88674,2.19429e-05,0.140044,0.40629,0.1,3.3,9.9,63.3,185.7,100,1541733127
55638,2009,2.21428e-05,0.991276,2.45143e-05,0.186717,0.315865,0.3,4.3,10.8,63.8,177.2,45,1.75671e-05,0.981086,2.032e-05,0.131013,0.477571,0.7,3.2,8.1,69.1,181.3,20,1.75625e-05,0.88381,2.21257e-05,0.146632,0.439193,0.0,3.7,8.0,60.5,191.5,100,1541733127
55640,2017,2.25563e-05,0.991191,2.41257e-05,0.195373,0.32032,0.2,5.2,7.7,63.1,180.1,51,1.77019e-05,0.978889,1.984e-05,0.13326,0.492492,0.5,2.7,7.2,69.0,178.6,26,1.93489e-05,0.848283,1.952e-05,0.135763,0.474979,0.1,3.9,9.4,60.7,192.7,100,1541733127
55642,1986,2.24032e-05,0.991309,2.432e-05,0.173343,0.297978,0.1,4.9,7.7,60.5,186.7,45,1.74209e-05,0.979568,1.864e-05,0.0617369,0.532933,0.4,2.1,9.1,66.3,179.4,28,1.73021e-05,0.826623,2.03314e-05,0.117998,0.477914,0.0,5.5,7.2,59.9,200.3,100,1541733127
55644,1932,2.23027e-05,0.991364,2.528e-05,0.14717,0.307624,0.2,4.0,7.4,58.4,192.2,45,1.62833e-05,0.982613,2.0e-05,0.100407,0.482071,0.3,2.1,8.8,70.5,177.7,29,1.70166e-05,0.827279,1.84457e-05,0.133391,0.541122,0.0,5.2,7.2,63.4,203.6,100,1541733127
55646,1995,2.19806e-05,0.991443,2.50857e-05,0.236861,0.300477,0.5,5.0,8.4,62.7,185.7,49,1.56345e-05,0.980095,1.83429e-05,0.0985148,0.535843,0.4,1.9,7.9,68.0,178.4,22,1.60457e-05,0.820951,1.90514e-05,0.132613,0.519541,0.0,4.4,7.1,63.1,201.1,100,1541733127
55648,1986,2.26431e-05,0.991364,2.42286e-05,0.145328,0.313686,0.2,3.3,8.0,64.5,181.4,55,1.64386e-05,0.977766,1.85829e-05,0.119245,0.509555,0.4,2.4,8.2,66.9,180.2,29,1.46088e-05,0.824353,1.71429e-05,0.112338,0.573096,0.0,4.2,6.1,61.0,205.0,100,1541733127
55650,1983,2.24694e-05,0.991469,2.48114e-05,0.17477,0.303791,0.2,4.8,9.7,61.4,188.7,54,1.62399e-05,0.977408,1.87086e-05,0.121576,0.517675,0.5,2.1,8.1,70.1,178.5,38,1.36585e-05,0.812186,1.69714e-05,0.112923,0.5914,0.0,6.0,6.9,67.4,201.7,100,1541733127
55652,1993,2.16836e-05,0.991385,2.47543e-05,0.267219,0.298931,0.2,5.1,8.0,65.4,184.4,57,1.79395e-05,0.978396,1.856e-05,0.109187,0.525664,0.7,1.8,8.6,71.5,184.1,29,1.27013e-05,0.798627,1.36114e-05,0.112061,0.669581,0.0,6.0,6.6,60.6,196.0,100,1541733127
55654,2027,2.27276e-05,0.991383,2.43657e-05,0.185652,0.30846,0.4,3.6,7.1,59.4,186.8,46,1.7076e-05,0.977399,1.77486e-05,0.0891117,0.550694,0.7,2.0,7.6,71.4,173.9,28,1.20982e-05,0.802041,1.46743e-05,0.0850654,0.651398,0.0,5.0,5.7,63.9,199.8,100,1541733127
55656,1975,2.26088e-05,0.991292,2.47886e-05,0.186135,0.309632,0.4,4.4,10.9,60.0,183.0,44,1.60091e-05,0.97721,1.93486e-05,0.119397,0.502467,0.7,2.2,7.6,72.7,180.7,28,1.20525e-05,0.825713,1.56e-05,0.119303,0.634676,0.0,4.7,6.3,66.4,207.4,100,1541733127
55658,1962,2.2675e-05,0.991267,2.51771e-05,0.16338,0.290768,0.2,4.4,8.1,57.3,194.4,49,1.70029e-05,0.980374,1.77943e-05,0.103425,0.565829,0.5,1.1,8.1,69.0,179.5,26,1.16596e-05,0.828591,1.47657e-05,0.106422,0.668088,0.0,4.2,6.4,63.5,201.5,100,1541733127
55660,1987,2.257e-05,0.99134,2.4e-05,0.173443,0.309072,0.2,4.9,8.8,62.4,180.0,44,1.71947e-05,0.975962,1.69943e-05,0.104859,0.595018,0.8,2.3,7.4,70.6,180.1,14,1.30874e-05,0.851184,1.48343e-05,0.103266,0.657332,0.0,3.8,7.4,61.6,204.7,100,1541733127
55662,1960,2.16334e-05,0.991445,2.46629e-05,0.156475,0.308727,0.1,4.0,8.6,59.7,188.5,50,1.58766e-05,0.98571,1.76114e-05,0.0792559,0.551267,0.2,1.7,7.3,72.1,177.6,37,1.22307e-05,0.860037,1.42971e-05,0.0805662,0.665132,0.0,2.9,9.1,61.9,199.1,100,1541733127
55664,1945,2.2225e-05,0.991351,2.49486e-05,0.137008,0.291653,0.1,3.4,9.0,61.8,185.5,47,1.5767e-05,0.985855,1.75886e-05,0.0861384,0.566759,0.3,1.5,7.5,71.0,181.1,16,1.0458e-05,1.18018,1.27886e-05,0.0858144,0.715358,0.0,3.6,8.7,64.3,199.7,100,1541733127
55666,2026,2.16699e-05,0.991368,2.528e-05,0.202299,0.284787,0.4,4.2,8.9,60.7,183.7,46,1.60366e-05,0.989571,1.59771e-05,0.104315,0.600566,0.4,1.6,7.8,72.3,181.7,21,9.08053e-06,0.922415,1.09714e-05,0.0650729,0.755191,0.0,3.6,7.9,62.2,197.2,100,1541733127
55668,1986,2.16905e-05,0.991562,2.46057e-05,0.224273,0.304238,0.2,3.3,8.5,64.1,187.7,46,1.58561e-05,0.989353,1.76114e-05,0.11767,0.556554,0.4,2.2,8.4,73.5,176.8,18,8.38378e-06,0.913484,1.00457e-05,0.0546089,0.785366,0.0,4.1,7.8,64.7,200.6,100,1541733127
55670,1988,2.25037e-05,0.991368,2.53829e-05,0.140085,0.283304,0.1,3.9,10.0,64.4,182.3,52,1.72359e-05,0.988074,1.80457e-05,0.109159,0.56527,0.4,1.9,7.7,73.1,183.1,29,7.82182e-06,0.871512,1.07886e-05,0.0633958,0.767252,0.0,3.0,9.1,65.7,194.5,100,1541733127
55672,1987,2.19806e-05,0.991593,2.55886e-05,0.204786,0.26706,0.5,4.3,10.0,60.2,192.1,48,1.63404e-05,0.988246,1.76571e-05,0.08455,0.554518,0.2,1.8,7.8,70.5,184.6,33,9.51685e-06,0.863277,1.06629e-05,0.0536478,0.774063,0.0,2.9,9.6,68.5,198.6,100,1541733127
55674,1957,2.20217e-05,0.991424,2.45486e-05,0.212581,0.334436,0.5,4.7,7.8,63.9,183.3,53,1.65117e-05,0.988286,1.77714e-05,0.103749,0.557616,0.4,1.8,6.7,70.8,178.7,29,6.79612e-06,0.849663,1.00914e-05,0.0820161,0.781862,0.0,3.9,9.1,73.2,198.0,100,1541733127
55676,1962,2.23872e-05,0.991263,2.42286e-05,0.226948,0.304019,0.3,3.6,9.1,60.5,188.5,51,1.56733e-05,0.985404,1.79771e-05,0.0855449,0.565505,0.5,1.8,7.7,72.9,184.6,24,6.6819e-06,0.835377,1.17486e-05,0.0752948,0.721861,0.0,3.6,9.2,73.7,198.5,100,1541733127
55678,1974,2.19463e-05,0.991245,2.38857e-05,0.271256,0.320646,0.3,5.4,7.9,57.5,186.3,48,1.59383e-05,0.981867,1.72571e-05,0.0820002,0.57607,0.5,2.0,7.3,73.4,178.9,33,1.07025e-05,0.840516,9.71429e-06,0.0588407,0.784406,0.0,3.5,8.5,73.3,199.1,100,1541733127
55680,1977,2.30817e-05,0.991046,2.50857e-05,0.186438,0.277598,0.6,4.1,8.0,67.2,189.1,51,1.57053e-05,0.986122,1.624e-05,0.0601037,0.59566,0.1,1.8,7.2,68.7,179.7,30,8.5711e-06,0.835081,9.49714e-06,0.0691991,0.79772,0.0,3.2,8.5,74.5,199.5,100,1541733127
55682,1959,2.18093e-05,0.991023,2.48571e-05,0.219578,0.298278,0.4,5.3,7.2,62.9,184.0,44,1.51274e-05,0.985364,1.752e-05,0.05,0.562181,0.1,1.1,7.9,70.4,178.5,26,8.8932e-06,0.854965,9.64571e-06,0.0604227,0.782731,0.0,3.7,7.9,73.6,197.3,100,1541733127
55684,1990,2.28715e-05,0.991057,2.41829e-05,0.215519,0.293661,0.3,2.9,8.1,59.8,182.1,48,1.37087e-05,0.985383,1.65029e-05,0.0771351,0.589198,0.3,1.7,6.2,76.1,178.8,19,5.10794e-06,0.84691,9.57714e-06,0.0679576,0.766416,0.0,3.5,8.1,76.3,193.4,100,1541733127
55686,1946,2.1839e-05,0.99112,2.48114e-05,0.227821,0.310361,0.1,4.3,7.6,61.0,184.0,48,1.5052e-05,0.984977,1.60686e-05,0.0656582,0.600966,0.3,2.2,6.5,74.7,179.3,25,7.43575e-06,0.842757,8.33143e-06,0.0577737,0.821638,0.0,4.1,7.7,77.1,192.9,100,1541733127
55688,1954,2.16722e-05,0.991192,2.33029e-05,0.242514,0.350391,0.2,3.6,7.9,58.8,180.8,52,1.57784e-05,0.985878,1.592e-05,0.0583548,0.58958,0.1,1.6,6.6,73.2,180.2,26,5.67447e-06,0.834875,7.77143e-06,0.0530917,0.819248,0.0,3.1,7.9,76.2,193.9,100,1541733127
55690,1999,2.11468e-05,0.991217,2.49143e-05,0.173587,0.306204,0.2,4.6,9.2,62.5,188.2,55,1.51456e-05,0.986352,1.69943e-05,0.047556,0.567264,0.3,1.2,7.3,71.4,180.9,20,6.64763e-06,0.830876,7.31429e-06,0.0396828,0.844219,0.0,3.9,8.1,76.4,193.5,100,1541733127
55692,1995,2.2225e-05,0.991227,2.49714e-05,0.186391,0.316971,0.3,4.2,9.9,62.4,190.7,43,1.48806e-05,0.989381,1.59543e-05,0.035401,0.612766,0.0,0.9,6.3,69.6,180.5,21,6.48772e-06,0.838104,6.60571e-06,0.0422234,0.861664,0.0,3.4,7.8,75.7,192.9,100,1541733127
55694,1995,2.22935e-05,0.991233,2.46857e-05,0.111221,0.308046,0.1,3.0,8.5,63.0,185.4,53,1.51365e-05,0.986623,1.70857e-05,0.052349,0.587977,0.1,1.4,6.2,69.2,175.1,33,6.24557e-06,0.833399,7.05143e-06,0.0563085,0.834648,0.0,3.6,8.1,75.2,190.7,100,1541733127
55696,1950,2.23849e-05,0.991027,2.37371e-05,0.237052,0.30887,0.3,3.7,8.8,57.2,180.1,47,1.46591e-05,0.988456,1.72571e-05,0.0578224,0.585186,0.1,2.0,6.3,74.8,183.8,30,5.88235e-06,0.836779,5.97714e-06,0.0563273,0.875155,0.0,3.1,7.8,79.0,196.1,100,1541733127
55698,2008,2.18024e-05,0.990843,2.48457e-05,0.164751,0.310536,0.2,4.0,8.3,60.6,184.6,51,1.49789e-05,0.988734,1.73257e-05,0.0782587,0.560711,0.2,1.8,7.7,73.1,177.2,22,5.48944e-06,0.840304,6.56e-06,0.05321,0.860373,0.0,3.0,7.6,76.9,189.9,100,1541733127
55700,1959,2.20263e-05,0.990889,2.44914e-05,0.235141,0.294172,0.2,4.1,7.7,62.7,183.1,48,1.42798e-05,0.988415,1.67429e-05,0.0596136,0.594003,0.1,1.8,6.3,73.1,175.1,32,5.494e-06,0.845762,6.04571e-06,0.0450459,0.864404,0.0,2.6,7.4,80.7,187.1,100,1541733127
55702,1999,2.27459e-05,0.990815,2.536e-05,0.240365,0.282037,0.2,4.1,9.0,61.0,188.5,46,1.21622e-05,0.988897,1.71657e-05,0.0557541,0.565737,0.1,1.3,6.4,73.0,176.7,22,4.63507e-06,0.870591,6.48e-06,0.0515806,0.860088,0.0,2.3,7.8,81.0,188.5,100,1541733127
