Year,popSizeP1,PiP1,FitnessP1,meanHetP1,BP1,FROHP1,avgvStrDelP1,avgStrDelP1,avgModDelP1,avgWkDelP1,avgNeutP1,popSizeP2,PiP2,FitnessP2,meanHetP2,BP2,FROHP2,avgvStrDelP2,avgStrDelP2,avgModDelP2,avgWkDelP2,avgNeutP2,popSizeP3,PiP3,FitnessP3,meanHetP3,BP3,FROHP3,avgvStrDelP3,avgStrDelP3,avgModDelP3,avgWkDelP3,avgNeutP3, KCrater,Seed
55604,1985,2.35957e-05,0.990041,2.59543e-05,0.266174,0.268928,0.3,5.6,7.8,66.1,192.5,73,1.93832e-05,0.986959,2.24571e-05,0.228572,0.410671,0.4,6.3,7.5,64.1,195.1,26,1.24615e-05,0.828116,1.51771e-05,0.179257,0.620611,0.1,5.6,11.6,80.3,200.3,100,1778877435
55606,1986,2.28075e-05,0.990058,2.53486e-05,0.158581,0.312766,0.1,7.1,8.3,64.6,190.3,86,1.98104e-05,0.988015,2.13029e-05,0.136127,0.454308,0.0,3.7,9.1,61.5,191.7,21,1.27767e-05,0.827469,1.35771e-05,0.0917918,0.672405,0.0,6.3,12.0,78.8,200.3,100,1778877435
55608,1985,2.44249e-05,0.989987,2.68e-05,0.147376,0.275583,0.1,4.8,8.9,70.0,200.0,91,1.88989e-05,0.987967,2.30286e-05,0.15611,0.377607,0.2,4.1,8.0,61.8,191.9,24,1.20297e-05,0.822588,1.424e-05,0.102471,0.671965,0.0,6.5,12.1,79.7,198.8,100,1778877435
55610,1985,2.34198e-05,0.989983,2.648e-05,0.183565,0.266589,0.2,5.7,7.3,65.9,197.0,97,2.00731e-05,0.989401,2.37714e-05,0.143994,0.366007,0.0,4.9,8.0,66.5,192.4,27,1.20868e-05,0.828235,1.44914e-05,0.0919009,0.659407,0.0,5.8,10.7,84.5,198.6,100,1778877435
55612,1960,2.42947e-05,0.989935,2.60571e-05,0.144246,0.282208,0.0,5.8,8.3,66.6,195.9,106,1.97167e-05,0.98887,2.13714e-05,0.129512,0.430557,0.1,3.9,8.1,58.4,184.8,24,1.25871e-05,0.821251,1.35771e-05,0.0716851,0.683333,0.0,5.8,11.3,86.2,199.5,100,1778877435
55614,1992,2.43769e-05,0.990006,2.63886e-05,0.136768,0.28161,0.2,4.5,7.2,67.2,195.8,99,2.04272e-05,0.98894,2.232e-05,0.104271,0.401764,0.0,3.4,7.2,60.6,191.6,26,1.15705e-05,0.828189,1.29371e-05,0.0544597,0.697047,0.0,5.1,10.9,83.9,198.0,100,1778877435
55616,1978,2.44158e-05,0.9897,2.57143e-05,0.141072,0.275405,0.1,4.5,7.0,67.1,197.6,100,2.14255e-05,0.988765,2.31886e-05,0.122524,0.369356,0.2,4.7,8.0,64.8,186.8,25,1.24112e-05,0.824202,1.26286e-05,0.211647,0.701929,0.1,7.6,12.1,81.3,204.0,100,1778877435
55618,1999,2.37167e-05,0.989752,2.56e-05,0.244038,0.28109,0.2,5.3,7.0,66.4,193.2,86,2.02353e-05,0.989278,2.09829e-05,0.140402,0.438688,0.1,4.3,7.2,60.9,197.3,23,1.11114e-05,0.827146,1.32229e-05,0.109338,0.70321,0.0,6.7,12.6,82.9,207.0,100,1778877435
55620,1980,2.32484e-05,0.989733,2.64114e-05,0.163692,0.279318,0.0,5.9,9.4,70.9,202.0,103,1.87299e-05,0.989056,2.312e-05,0.159233,0.369781,0.2,4.9,6.9,65.5,191.9,23,1.27813e-05,0.811721,1.34171e-05,0.20562,0.694724,0.1,7.2,12.8,78.3,207.6,100,1778877435
55622,1997,2.34517e-05,0.989925,2.58629e-05,0.232559,0.287281,0.1,4.9,7.4,68.5,191.9,106,1.90702e-05,0.990018,2.22857e-05,0.154803,0.424665,0.3,4.4,7.6,62.1,182.6,22,1.12804e-05,0.819002,1.34286e-05,0.320295,0.695229,0.2,8.0,11.9,80.2,209.6,100,1778877435
55624,1975,2.46648e-05,0.990111,2.57486e-05,0.284161,0.304719,0.5,5.4,7.0,67.5,199.4,93,1.97944e-05,0.989618,2.17143e-05,0.169838,0.411714,0.2,4.9,6.9,61.1,194.7,24,1.19063e-05,0.817771,1.32686e-05,0.135612,0.689393,0.0,8.0,13.6,77.4,205.8,100,1778877435
55626,1980,2.41782e-05,0.99005,2.688e-05,0.296172,0.269851,0.3,6.6,8.0,68.4,198.0,104,2.04934e-05,0.99077,2.248e-05,0.161922,0.392959,0.1,4.6,8.6,61.8,190.2,30,1.09423e-05,0.804809,1.28571e-05,0.119946,0.705761,0.0,8.4,13.2,81.2,206.8,100,1778877435
55628,1941,2.37579e-05,0.989986,2.64457e-05,0.284004,0.280002,0.2,5.6,8.4,65.8,196.3,97,1.99931e-05,0.989894,2.192e-05,0.148478,0.421376,0.1,3.8,7.5,60.4,191.1,20,1.12873e-05,0.803958,1.31543e-05,0.112812,0.686327,0.0,8.1,13.9,78.4,207.7,100,1778877435
55630,1956,2.33512e-05,0.990046,2.65943e-05,0.15512,0.279128,0.2,5.2,7.4,66.9,197.5,98,2.01028e-05,0.989401,2.25714e-05,0.175214,0.384763,0.3,4.8,7.4,59.2,193.1,22,1.06271e-05,0.807277,1.33486e-05,0.12225,0.707473,0.0,8.4,12.6,82.3,208.2,100,1778877435
55632,1992,2.4265e-05,0.989858,2.552e-05,0.13061,0.297452,0.1,3.8,8.0,65.8,198.7,103,1.98881e-05,0.987016,2.29371e-05,0.123324,0.397855,0.1,3.9,6.6,61.9,186.6,21,1.06613e-05,0.806531,1.23314e-05,0.134121,0.709486,0.0,9.2,13.3,83.8,205.5,100,1778877435
55634,1976,2.36756e-05,0.989721,2.67429e-05,0.269247,0.279112,0.2,7.1,7.9,67.1,192.9,96,2.09435e-05,0.985125,2.224e-05,0.150837,0.404227,0.1,4.3,7.0,62.9,185.3,23,1.06819e-05,0.803287,1.13943e-05,0.0981657,0.745262,0.0,8.8,12.9,82.3,206.1,100,1778877435
55636,1986,2.40822e-05,0.989696,2.63086e-05,0.250832,0.275519,0.2,5.2,7.9,69.0,192.4,100,2.05117e-05,0.984377,2.23657e-05,0.137255,0.394435,0.1,4.1,7.8,66.4,189.8,19,1.06659e-05,0.812867,1.33029e-05,0.116405,0.693409,0.0,8.0,12.2,83.6,206.0,100,1778877435
55638,1996,2.29949e-05,0.989445,2.66857e-05,0.162761,0.285802,0.0,6.2,9.6,72.1,202.0,97,2.01622e-05,0.986468,2.17029e-05,0.133587,0.414807,0.2,4.2,6.7,58.7,186.4,27,1.01862e-05,0.811973,1.112e-05,0.0964304,0.757764,0.0,8.0,12.4,84.7,207.4,100,1778877435
55640,1970,2.33604e-05,0.989184,2.73143e-05,0.198684,0.263682,0.0,7.0,8.4,65.9,201.1,93,1.84489e-05,0.988373,2.08571e-05,0.146307,0.455266,0.3,4.0,5.2,62.9,186.9,22,1.02022e-05,0.806931,1.12571e-05,0.10984,0.744784,0.0,7.9,12.1,82.3,208.5,100,1778877435
55642,1951,2.33055e-05,0.989261,2.60914e-05,0.249429,0.286799,0.3,5.0,7.4,69.8,186.7,107,2.00708e-05,0.988064,2.07429e-05,0.109954,0.457677,0.2,3.8,6.6,61.5,187.5,24,9.84123e-06,0.808364,1.21143e-05,0.11554,0.714374,0.0,7.7,12.8,80.4,211.1,100,1778877435
55644,1934,2.34015e-05,0.989274,2.67429e-05,0.166924,0.290858,0.1,5.5,8.1,67.6,205.0,91,1.96254e-05,0.988457,2.104e-05,0.137204,0.445201,0.2,5.6,6.2,61.3,185.2,25,9.32724e-06,0.796294,1.144e-05,0.069995,0.73882,0.0,8.7,11.8,80.8,209.0,100,1778877435
55646,1980,2.29857e-05,0.989341,2.60229e-05,0.175755,0.285959,0.2,5.4,7.6,66.2,192.5,94,1.79623e-05,0.989178,1.99886e-05,0.134516,0.475389,0.1,5.0,7.2,60.0,190.5,23,8.07996e-06,0.800132,1.07086e-05,0.0976724,0.754673,0.1,8.5,12.1,80.2,209.5,100,1778877435
55648,1975,2.28418e-05,0.98922,2.624e-05,0.206011,0.262058,0.1,6.4,9.7,66.0,199.2,105,1.99109e-05,0.988292,2.04914e-05,0.0991828,0.463278,0.0,3.9,5.8,61.9,190.0,26,8.47744e-06,0.78906,9.79429e-06,0.142199,0.782674,0.3,8.2,11.3,82.6,208.3,100,1778877435
55650,2022,2.37327e-05,0.989304,2.69257e-05,0.16536,0.282582,0.1,6.2,7.9,66.4,201.3,103,1.88852e-05,0.988954,2.08571e-05,0.0848551,0.44033,0.1,3.3,4.2,69.0,187.2,19,7.16619e-06,0.788014,9.28e-06,0.0641145,0.80681,0.0,8.0,11.2,80.3,210.0,100,1778877435
55652,1945,2.38744e-05,0.989234,2.68229e-05,0.271408,0.294754,0.4,5.6,9.1,67.6,199.2,95,1.97556e-05,0.988645,2.26629e-05,0.163975,0.39714,0.3,5.3,6.2,64.8,191.7,21,8.00685e-06,0.787172,9.10857e-06,0.0572648,0.810517,0.0,8.2,10.7,82.0,206.9,100,1778877435
55654,1978,2.37304e-05,0.989272,2.67314e-05,0.179242,0.264042,0.1,6.2,8.1,68.1,198.3,100,1.97327e-05,0.988804,2.14514e-05,0.118554,0.441939,0.2,3.5,6.1,62.8,183.4,16,6.9743e-06,0.787429,8.05714e-06,0.0603663,0.837822,0.0,8.0,11.6,80.4,205.5,100,1778877435
55656,2009,2.39909e-05,0.989303,2.62971e-05,0.168207,0.284435,0.0,5.9,8.2,63.5,195.1,97,2.05254e-05,0.988908,2.09257e-05,0.0929311,0.46687,0.0,3.7,5.1,62.6,187.9,23,6.3735e-06,0.790461,7.05143e-06,0.0553428,0.853879,0.0,7.0,11.0,80.3,203.9,100,1778877435
55658,2015,2.44249e-05,0.98915,2.56914e-05,0.171403,0.273105,0.2,5.0,8.6,66.1,191.1,93,2.01896e-05,0.989952,2.29486e-05,0.133177,0.383459,0.1,4.9,6.5,62.1,187.9,35,6.74814e-06,0.797761,6.76571e-06,0.0509217,0.873222,0.0,7.9,13.0,81.6,206.6,100,1778877435
55660,1962,2.26888e-05,0.989248,2.61829e-05,0.22926,0.260404,0.3,4.3,9.2,64.9,192.7,101,1.85174e-05,0.989529,2.184e-05,0.11563,0.414148,0.2,3.6,5.2,61.9,196.8,26,6.31182e-06,0.851529,7.15429e-06,0.0580303,0.869507,0.0,7.0,12.4,83.2,208.9,100,1778877435
55662,1960,2.347e-05,0.989342,2.69943e-05,0.186486,0.258319,0.0,7.0,8.5,67.2,194.4,105,1.86956e-05,0.989116,2.22171e-05,0.115355,0.416854,0.0,4.5,6.0,58.9,190.2,25,4.74472e-06,0.80874,5.65714e-06,0.0454736,0.89256,0.0,6.3,12.1,81.0,209.9,100,1778877435
55664,1965,2.34837e-05,0.989474,2.63771e-05,0.171684,0.292507,0.2,5.7,8.8,68.5,192.3,106,2.03884e-05,0.987849,2.24229e-05,0.107959,0.415477,0.1,3.9,5.8,62.1,192.9,23,5.43461e-06,0.790677,6.57143e-06,0.0666999,0.876218,0.0,7.3,12.6,80.1,204.7,100,1778877435
55666,1989,2.45597e-05,0.989547,2.60114e-05,0.1436,0.283681,0.1,4.4,8.5,66.7,195.0,99,1.88212e-05,0.986827,2.17714e-05,0.101131,0.407058,0.0,4.5,5.7,61.4,187.1,24,4.81325e-06,0.788059,5.76e-06,0.0501083,0.885091,0.0,7.0,12.2,81.7,205.8,100,1778877435
55668,1997,2.36665e-05,0.989226,2.58514e-05,0.169573,0.298474,0.1,5.7,7.7,68.9,186.3,94,1.99383e-05,0.986833,2.26286e-05,0.110419,0.406974,0.0,3.7,5.3,66.9,192.1,25,4.91833e-06,0.869266,5.07429e-06,0.0505524,0.907031,0.0,8.5,11.4,80.7,205.2,100,1778877435
55670,1992,2.30223e-05,0.989348,2.66171e-05,0.266653,0.264547,0.4,5.2,7.6,69.1,190.1,104,1.89971e-05,0.987219,2.14857e-05,0.141313,0.431431,0.2,4.4,6.5,61.5,193.5,21,4.10508e-06,0.853267,5.13143e-06,0.0574566,0.916983,0.0,7.3,11.1,82.9,202.4,100,1778877435
55672,1931,2.4048e-05,0.988991,2.68571e-05,0.297459,0.278887,0.2,6.4,8.3,68.2,195.5,99,1.90543e-05,0.987759,2.17829e-05,0.103483,0.409031,0.0,4.2,5.3,62.8,189.9,26,4.10051e-06,1.10423,4.93714e-06,0.0617308,0.910153,0.0,7.3,11.8,84.0,203.8,100,1778877435
55674,1962,2.32804e-05,0.989151,2.62857e-05,0.126623,0.278698,0.1,4.4,8.4,69.4,200.0,103,1.88121e-05,0.989,2.23657e-05,0.120348,0.411522,0.1,4.0,6.0,63.5,193.3,30,4.15762e-06,0.868805,4.21714e-06,0.0566798,0.922684,0.0,7.4,11.8,84.1,205.5,100,1778877435
55676,1960,2.35865e-05,0.988898,2.744e-05,0.167057,0.257372,0.0,6.3,8.1,67.8,198.8,104,1.93901e-05,0.988196,2.12571e-05,0.098944,0.439031,0.0,4.0,6.1,61.3,189.0,25,3.62079e-06,1.06809,4.76571e-06,0.0531782,0.920964,0.0,7.4,12.1,82.5,205.9,100,1778877435
55678,2003,2.33352e-05,0.989026,2.57143e-05,0.192421,0.28201,0.2,6.3,7.2,63.6,197.1,99,1.94403e-05,0.990247,2.19543e-05,0.0893856,0.430078,0.0,3.4,5.9,62.8,188.9,21,3.3695e-06,1.12537,4.38857e-06,0.062078,0.92709,0.0,7.2,12.6,82.1,206.8,100,1778877435
55680,2002,2.42856e-05,0.989321,2.60114e-05,0.0962947,0.307209,0.0,3.9,10.1,66.9,194.0,90,1.95248e-05,0.991138,2.20571e-05,0.0975621,0.41847,0.1,3.5,6.0,62.2,191.0,18,2.82353e-06,0.867559,3.80571e-06,0.0382923,0.952957,0.0,6.2,12.7,82.6,203.4,100,1778877435
55682,1958,2.28167e-05,0.989284,2.6e-05,0.149053,0.298343,0.1,4.9,6.9,68.5,193.3,104,1.9205e-05,0.990368,2.112e-05,0.0972783,0.447884,0.1,3.2,5.5,59.6,184.7,14,2.69789e-06,0.833431,3.58857e-06,0.0402188,0.954824,0.0,5.3,12.1,83.8,201.1,100,1778877435
55684,2012,2.30862e-05,0.989385,2.56e-05,0.127032,0.289377,0.1,3.7,9.3,69.2,190.7,96,1.83164e-05,0.990517,2.12e-05,0.130964,0.449089,0.2,3.8,6.0,64.4,185.7,21,2.88064e-06,0.857589,3.32571e-06,0.0373983,0.959371,0.0,5.4,11.7,84.3,202.2,100,1778877435
55686,1989,2.27207e-05,0.989504,2.57029e-05,0.219514,0.301452,0.3,5.5,7.3,68.3,196.8,95,1.88829e-05,0.990227,2.13829e-05,0.0822287,0.428177,0.1,3.7,5.5,61.9,185.7,25,3.12964e-06,0.898275,4.32e-06,0.0368459,0.935966,0.0,5.4,11.0,82.1,203.2,100,1778877435
55688,1996,2.46419e-05,0.989645,2.61371e-05,0.272924,0.275228,0.2,5.7,8.9,66.1,196.3,104,1.93695e-05,0.990399,2.16571e-05,0.0799134,0.418235,0.0,3.6,5.2,61.2,185.3,30,3.14106e-06,0.836657,4.20571e-06,0.0487784,0.937714,0.0,6.3,11.9,83.2,201.4,100,1778877435
55690,1963,2.37213e-05,0.989518,2.61486e-05,0.146847,0.282486,0.1,5.5,6.6,68.8,200.7,101,1.92142e-05,0.989345,2.17714e-05,0.0989788,0.42072,0.0,3.4,5.9,60.7,186.9,18,2.35979e-06,1.10427,3.32571e-06,0.0411092,0.956859,0.0,5.2,10.8,82.4,203.0,100,1778877435
55692,1962,2.37122e-05,0.989416,2.67543e-05,0.179013,0.270614,0.2,5.7,6.8,65.3,190.3,109,1.95705e-05,0.988268,2.13143e-05,0.108633,0.456778,0.0,3.5,6.8,60.4,181.8,31,2.6522e-06,1.1351,3.24571e-06,0.0227549,0.954775,0.0,4.6,11.7,82.0,203.7,100,1778877435
55694,1944,2.3237e-05,0.989578,2.63314e-05,0.171595,0.290333,0.3,5.1,8.0,67.1,193.5,106,1.76608e-05,0.989154,2.23657e-05,0.115562,0.4086,0.1,4.0,5.7,61.1,188.8,25,2.43061e-06,0.864307,3.58857e-06,0.0293274,0.949746,0.0,5.1,12.1,82.7,204.5,100,1778877435
55696,1974,2.43358e-05,0.989529,2.664e-05,0.196934,0.297042,0.2,5.4,8.3,67.5,194.7,96,1.85814e-05,0.989679,2.08914e-05,0.0857127,0.439507,0.0,3.0,5.6,63.8,194.1,25,2.38035e-06,1.12029,3.08571e-06,0.0267649,0.960415,0.0,4.9,11.4,83.7,204.3,100,1778877435
55698,1989,2.43861e-05,0.98972,2.62857e-05,0.176911,0.272927,0.2,5.5,8.4,66.0,198.5,94,2.07424e-05,0.99,2.22857e-05,0.108323,0.414607,0.0,4.2,6.0,60.9,188.2,22,2.28898e-06,1.16002,2.53714e-06,0.018269,0.967782,0.0,4.7,10.6,82.7,204.9,100,1778877435
55700,1977,2.39338e-05,0.989547,2.66171e-05,0.258255,0.289346,0.3,4.8,8.6,64.9,200.2,100,1.86636e-05,0.988657,2.29029e-05,0.136261,0.3827,0.2,4.7,4.0,60.8,192.9,19,2.17704e-06,1.1163,2.67429e-06,0.0182078,0.962809,0.0,4.5,10.1,84.0,203.8,100,1778877435
55702,2000,2.32918e-05,0.989308,2.672e-05,0.146822,0.280441,0.0,5.4,8.4,67.2,197.2,101,1.86065e-05,0.987502,2.30971e-05,0.110666,0.377716,0.1,3.9,7.2,60.7,186.6,27,1.61051e-06,0.861713,2.14857e-06,0.0108558,0.973534,0.0,4.2,10.2,84.4,202.4,100,1778877435
